,time,trade_id,price,size,side,time_stmp,time_cleaned
0,2021-04-13T00:00:02.299Z,15216982,0.03573000,0.45850414,sell,1618272002,2021-04-13 00:00:02
1,2021-04-13T00:00:03.473Z,15216983,0.03572000,0.05355707,buy,1618272003,2021-04-13 00:00:03
2,2021-04-13T00:00:06.108Z,15216984,0.03575000,0.24374388,sell,1618272006,2021-04-13 00:00:06
3,2021-04-13T00:00:06.108Z,15216985,0.03575000,6.0,sell,1618272006,2021-04-13 00:00:06
4,2021-04-13T00:00:06.108Z,15216986,0.03575000,0.13925612,sell,1618272006,2021-04-13 00:00:06
5,2021-04-13T00:00:09.316Z,15216987,0.03578000,0.05722235,sell,1618272009,2021-04-13 00:00:09
6,2021-04-13T00:00:10.219Z,15216988,0.03578000,0.0222236,sell,1618272010,2021-04-13 00:00:10
7,2021-04-13T00:00:10.222Z,15216989,0.03578000,0.01194456,sell,1618272010,2021-04-13 00:00:10
8,2021-04-13T00:00:10.222Z,15216990,0.03578000,3.04805544,sell,1618272010,2021-04-13 00:00:10
9,2021-04-13T00:00:12.05Z,15216991,0.03579000,0.31774562,sell,1618272012,2021-04-13 00:00:12
10,2021-04-13T00:00:12.468Z,15216992,0.03579000,13.48,sell,1618272012,2021-04-13 00:00:12
11,2021-04-13T00:00:12.468Z,15216993,0.03579000,0.09,sell,1618272012,2021-04-13 00:00:12
12,2021-04-13T00:00:13.896Z,15216994,0.03580000,0.52618909,sell,1618272013,2021-04-13 00:00:13
13,2021-04-13T00:00:13.896Z,15216995,0.03580000,3.539,sell,1618272013,2021-04-13 00:00:13
14,2021-04-13T00:00:13.896Z,15216996,0.03580000,0.09081091,sell,1618272013,2021-04-13 00:00:13
15,2021-04-13T00:00:14.706Z,15216997,0.03581000,1.6,buy,1618272014,2021-04-13 00:00:14
16,2021-04-13T00:00:14.706Z,15216998,0.03581000,3.9256,buy,1618272014,2021-04-13 00:00:14
17,2021-04-13T00:00:14.706Z,15216999,0.03581000,4.8,buy,1618272014,2021-04-13 00:00:14
18,2021-04-13T00:00:14.706Z,15217000,0.03581000,0.26,buy,1618272014,2021-04-13 00:00:14
19,2021-04-13T00:00:14.706Z,15217001,0.03581000,1.13209968,buy,1618272014,2021-04-13 00:00:14
20,2021-04-13T00:00:14.706Z,15217002,0.03581000,0.14308146,buy,1618272014,2021-04-13 00:00:14
21,2021-04-13T00:00:14.706Z,15217003,0.03581000,0.13925612,buy,1618272014,2021-04-13 00:00:14
22,2021-04-13T00:00:14.771Z,15217004,0.03581000,1.131,buy,1618272014,2021-04-13 00:00:14
23,2021-04-13T00:00:14.843Z,15217005,0.03581000,0.144,buy,1618272014,2021-04-13 00:00:14
24,2021-04-13T00:00:18.72Z,15217006,0.03583000,6.0,sell,1618272018,2021-04-13 00:00:18
25,2021-04-13T00:00:22.759Z,15217007,0.03583000,0.12517875,buy,1618272022,2021-04-13 00:00:22
26,2021-04-13T00:00:28.285Z,15217008,0.03583000,2.11282125,buy,1618272028,2021-04-13 00:00:28
27,2021-04-13T00:00:28.285Z,15217009,0.03583000,0.06717875,buy,1618272028,2021-04-13 00:00:28
28,2021-04-13T00:00:34.19Z,15217010,0.03580000,0.00244006,buy,1618272034,2021-04-13 00:00:34
29,2021-04-13T00:00:34.19Z,15217011,0.03580000,0.91955994,buy,1618272034,2021-04-13 00:00:34
30,2021-04-13T00:00:39.212Z,15217012,0.03577000,0.52717747,sell,1618272039,2021-04-13 00:00:39
31,2021-04-13T00:00:39.581Z,15217013,0.03577000,0.00132239,sell,1618272039,2021-04-13 00:00:39
32,2021-04-13T00:00:47.243Z,15217014,0.03577000,0.02338891,buy,1618272047,2021-04-13 00:00:47
33,2021-04-13T00:01:01.999Z,15217015,0.03578000,0.13735902,sell,1618272062,2021-04-13 00:01:01
34,2021-04-13T00:01:02.646Z,15217016,0.03577000,0.95031663,buy,1618272062,2021-04-13 00:01:02
35,2021-04-13T00:01:03.233Z,15217017,0.03577000,0.00681391,buy,1618272063,2021-04-13 00:01:03
36,2021-04-13T00:01:12.075Z,15217018,0.03576000,0.06930433,sell,1618272072,2021-04-13 00:01:12
37,2021-04-13T00:01:14.573Z,15217019,0.03577000,0.00509162,sell,1618272074,2021-04-13 00:01:14
38,2021-04-13T00:01:22.326Z,15217020,0.03576000,0.45777215,sell,1618272082,2021-04-13 00:01:22
39,2021-04-13T00:01:22.351Z,15217021,0.03576000,0.02288586,sell,1618272082,2021-04-13 00:01:22
40,2021-04-13T00:01:26.818Z,15217022,0.03574000,0.01169446,buy,1618272086,2021-04-13 00:01:26
41,2021-04-13T00:01:31.389Z,15217023,0.03575000,0.09156907,sell,1618272091,2021-04-13 00:01:31
42,2021-04-13T00:01:42.295Z,15217024,0.03575000,0.00114334,sell,1618272102,2021-04-13 00:01:42
43,2021-04-13T00:01:45.072Z,15217025,0.03574000,0.04556932,buy,1618272105,2021-04-13 00:01:45
44,2021-04-13T00:01:45.072Z,15217026,0.03573000,0.88834024,buy,1618272105,2021-04-13 00:01:45
45,2021-04-13T00:01:52.196Z,15217027,0.03573000,0.02940079,buy,1618272112,2021-04-13 00:01:52
46,2021-04-13T00:01:54.941Z,15217028,0.03574000,0.00116153,sell,1618272114,2021-04-13 00:01:54
47,2021-04-13T00:02:05.19Z,15217029,0.03576000,0.22901413,sell,1618272125,2021-04-13 00:02:05
48,2021-04-13T00:02:05.444Z,15217030,0.03575000,0.04556243,buy,1618272125,2021-04-13 00:02:05
49,2021-04-13T00:02:05.444Z,15217031,0.03574000,0.88834713,buy,1618272125,2021-04-13 00:02:05
50,2021-04-13T00:02:15.421Z,15217032,0.03572000,0.0492,buy,1618272135,2021-04-13 00:02:15
51,2021-04-13T00:02:25.368Z,15217033,0.03573000,0.04992364,buy,1618272145,2021-04-13 00:02:25
52,2021-04-13T00:02:41.01Z,15217034,0.03573000,0.0091646,sell,1618272161,2021-04-13 00:02:41
53,2021-04-13T00:02:43.765Z,15217035,0.03572000,0.20674556,buy,1618272163,2021-04-13 00:02:43
54,2021-04-13T00:02:43.765Z,15217036,0.03572000,0.92289324,buy,1618272163,2021-04-13 00:02:43
55,2021-04-13T00:02:43.765Z,15217037,0.03571000,0.59345465,buy,1618272163,2021-04-13 00:02:43
56,2021-04-13T00:02:43.765Z,15217038,0.03571000,4.04390655,buy,1618272163,2021-04-13 00:02:43
57,2021-04-13T00:02:46.231Z,15217039,0.03571000,0.03438095,sell,1618272166,2021-04-13 00:02:46
58,2021-04-13T00:02:48.43Z,15217040,0.03573000,0.89224769,sell,1618272168,2021-04-13 00:02:48
59,2021-04-13T00:02:49.678Z,15217041,0.03572000,0.00420709,buy,1618272169,2021-04-13 00:02:49
60,2021-04-13T00:02:59.398Z,15217042,0.03571000,0.01519761,buy,1618272179,2021-04-13 00:02:59
61,2021-04-13T00:03:04.14Z,15217043,0.03573000,0.01374689,sell,1618272184,2021-04-13 00:03:04
62,2021-04-13T00:03:08.553Z,15217044,0.03574000,0.47399832,sell,1618272188,2021-04-13 00:03:08
63,2021-04-13T00:03:08.755Z,15217045,0.03574000,0.20634058,sell,1618272188,2021-04-13 00:03:08
64,2021-04-13T00:03:11.51Z,15217046,0.03574000,0.04585041,sell,1618272191,2021-04-13 00:03:11
65,2021-04-13T00:03:12.611Z,15217047,0.03574000,0.0687701,sell,1618272192,2021-04-13 00:03:12
66,2021-04-13T00:03:14.604Z,15217048,0.03573000,0.46695478,buy,1618272194,2021-04-13 00:03:14
67,2021-04-13T00:03:17.922Z,15217049,0.03575000,0.00230423,sell,1618272197,2021-04-13 00:03:17
68,2021-04-13T00:03:32.325Z,15217050,0.03574000,0.00394352,sell,1618272212,2021-04-13 00:03:32
69,2021-04-13T00:03:43.028Z,15217051,0.03574000,0.91732775,sell,1618272223,2021-04-13 00:03:43
70,2021-04-13T00:03:50.266Z,15217052,0.03573000,0.01146625,sell,1618272230,2021-04-13 00:03:50
71,2021-04-13T00:03:56.076Z,15217053,0.03573000,0.00284075,sell,1618272236,2021-04-13 00:03:56
72,2021-04-13T00:03:58.325Z,15217054,0.03573000,0.06881678,sell,1618272238,2021-04-13 00:03:58
73,2021-04-13T00:04:22.069Z,15217055,0.03573000,0.06983555,buy,1618272262,2021-04-13 00:04:22
74,2021-04-13T00:04:31.288Z,15217056,0.03573000,0.01830986,buy,1618272271,2021-04-13 00:04:31
75,2021-04-13T00:04:33.371Z,15217057,0.03574000,0.00688717,sell,1618272273,2021-04-13 00:04:33
76,2021-04-13T00:04:40.999Z,15217058,0.03574000,0.00228475,sell,1618272281,2021-04-13 00:04:40
77,2021-04-13T00:04:50.829Z,15217059,0.03574000,0.31877532,sell,1618272290,2021-04-13 00:04:50
78,2021-04-13T00:04:51.456Z,15217060,0.03574000,0.0917026,sell,1618272291,2021-04-13 00:04:51
79,2021-04-13T00:04:57.349Z,15217061,0.03574000,7.9082974,sell,1618272297,2021-04-13 00:04:57
80,2021-04-13T00:05:00.359Z,15217062,0.03574000,0.00681571,buy,1618272300,2021-04-13 00:05:00
81,2021-04-13T00:05:06.007Z,15217063,0.03575000,0.06219327,sell,1618272306,2021-04-13 00:05:06
82,2021-04-13T00:05:12.073Z,15217064,0.03574000,0.18618473,buy,1618272312,2021-04-13 00:05:12
83,2021-04-13T00:05:17.018Z,15217065,0.03574000,0.18664331,buy,1618272317,2021-04-13 00:05:17
84,2021-04-13T00:05:18.19Z,15217066,0.03575000,0.00556061,sell,1618272318,2021-04-13 00:05:18
85,2021-04-13T00:05:32.635Z,15217067,0.03575000,0.00814479,sell,1618272332,2021-04-13 00:05:32
86,2021-04-13T00:05:39.307Z,15217068,0.03574000,0.01127723,buy,1618272339,2021-04-13 00:05:39
87,2021-04-13T00:05:40.238Z,15217069,0.03575000,0.16004278,sell,1618272340,2021-04-13 00:05:40
88,2021-04-13T00:05:41.418Z,15217070,0.03574000,0.02336765,buy,1618272341,2021-04-13 00:05:41
89,2021-04-13T00:05:43.852Z,15217071,0.03574000,0.09282876,buy,1618272343,2021-04-13 00:05:43
90,2021-04-13T00:05:47.878Z,15217072,0.03575000,0.00378445,sell,1618272347,2021-04-13 00:05:47
91,2021-04-13T00:05:56.969Z,15217073,0.03576000,0.36501083,sell,1618272356,2021-04-13 00:05:56
92,2021-04-13T00:06:04.267Z,15217074,0.03575000,0.68247804,buy,1618272364,2021-04-13 00:06:04
93,2021-04-13T00:06:07.832Z,15217075,0.03575000,0.14034644,buy,1618272367,2021-04-13 00:06:07
94,2021-04-13T00:06:13.422Z,15217076,0.03578000,0.03059027,sell,1618272373,2021-04-13 00:06:13
95,2021-04-13T00:06:13.977Z,15217077,0.03577000,0.00151265,sell,1618272373,2021-04-13 00:06:13
96,2021-04-13T00:06:21.103Z,15217078,0.03578000,0.05503932,sell,1618272381,2021-04-13 00:06:21
97,2021-04-13T00:06:29.105Z,15217079,0.03578000,0.26372796,sell,1618272389,2021-04-13 00:06:29
98,2021-04-13T00:06:33.929Z,15217080,0.03578000,0.00457589,sell,1618272393,2021-04-13 00:06:33
99,2021-04-13T00:06:35.005Z,15217081,0.03577000,0.11683826,buy,1618272395,2021-04-13 00:06:35
100,2021-04-13T00:06:38.96Z,15217082,0.03577000,0.0934036,buy,1618272398,2021-04-13 00:06:38
101,2021-04-13T00:06:41.319Z,15217083,0.03578000,0.01920779,sell,1618272401,2021-04-13 00:06:41
102,2021-04-13T00:06:41.338Z,15217084,0.03578000,1.6,buy,1618272401,2021-04-13 00:06:41
103,2021-04-13T00:06:44.288Z,15217085,0.03579000,0.0911016,sell,1618272404,2021-04-13 00:06:44
104,2021-04-13T00:06:44.288Z,15217086,0.03579000,0.40154378,sell,1618272404,2021-04-13 00:06:44
105,2021-04-13T00:06:49.603Z,15217087,0.03580000,0.04529313,sell,1618272409,2021-04-13 00:06:49
106,2021-04-13T00:06:51.772Z,15217088,0.03580000,0.02749814,sell,1618272411,2021-04-13 00:06:51
107,2021-04-13T00:07:02.793Z,15217089,0.03579000,0.00318138,sell,1618272422,2021-04-13 00:07:02
108,2021-04-13T00:07:07.743Z,15217090,0.03577000,0.00129791,buy,1618272427,2021-04-13 00:07:07
109,2021-04-13T00:07:07.826Z,15217091,0.03578000,0.09109919,sell,1618272427,2021-04-13 00:07:07
110,2021-04-13T00:07:07.826Z,15217092,0.03578000,0.02207926,sell,1618272427,2021-04-13 00:07:07
111,2021-04-13T00:07:27.619Z,15217093,0.03580000,0.05446596,sell,1618272447,2021-04-13 00:07:27
112,2021-04-13T00:07:29.51Z,15217094,0.03579000,0.12278089,buy,1618272449,2021-04-13 00:07:29
113,2021-04-13T00:07:29.979Z,15217095,0.03579000,0.02415294,buy,1618272449,2021-04-13 00:07:29
114,2021-04-13T00:07:29.979Z,15217096,0.03579000,0.08863908,buy,1618272449,2021-04-13 00:07:29
115,2021-04-13T00:07:34.865Z,15217097,0.03579000,0.0100532,sell,1618272454,2021-04-13 00:07:34
116,2021-04-13T00:07:43.327Z,15217098,0.03578000,0.06941132,buy,1618272463,2021-04-13 00:07:43
117,2021-04-13T00:07:49.633Z,15217099,0.03578000,0.16087389,sell,1618272469,2021-04-13 00:07:49
118,2021-04-13T00:07:51.096Z,15217100,0.03578000,0.00367933,sell,1618272471,2021-04-13 00:07:51
119,2021-04-13T00:08:00.095Z,15217101,0.03579000,0.05683955,buy,1618272480,2021-04-13 00:08:00
120,2021-04-13T00:08:00.095Z,15217102,0.03579000,0.23711822,buy,1618272480,2021-04-13 00:08:00
121,2021-04-13T00:08:03.055Z,15217103,0.03579000,0.01372384,sell,1618272483,2021-04-13 00:08:03
122,2021-04-13T00:08:03.9Z,15217104,0.03579000,0.00228156,sell,1618272483,2021-04-13 00:08:03
123,2021-04-13T00:08:06.753Z,15217105,0.03578000,0.02806309,buy,1618272486,2021-04-13 00:08:06
124,2021-04-13T00:08:10.963Z,15217106,0.03578000,0.05035571,buy,1618272490,2021-04-13 00:08:10
125,2021-04-13T00:08:13.887Z,15217107,0.03579000,0.0093942,buy,1618272493,2021-04-13 00:08:13
126,2021-04-13T00:08:15.4Z,15217108,0.03579000,0.00518907,buy,1618272495,2021-04-13 00:08:15
127,2021-04-13T00:08:32.89Z,15217109,0.03581000,0.00103333,sell,1618272512,2021-04-13 00:08:32
128,2021-04-13T00:08:33.888Z,15217110,0.03581000,0.00373242,sell,1618272513,2021-04-13 00:08:33
129,2021-04-13T00:08:38.381Z,15217111,0.03581000,0.00127251,sell,1618272518,2021-04-13 00:08:38
130,2021-04-13T00:08:50.026Z,15217112,0.03580000,0.02330877,buy,1618272530,2021-04-13 00:08:50
131,2021-04-13T00:08:55.085Z,15217113,0.03582000,0.50942119,sell,1618272535,2021-04-13 00:08:55
132,2021-04-13T00:08:56.597Z,15217114,0.03582000,0.00835017,sell,1618272536,2021-04-13 00:08:56
133,2021-04-13T00:09:23.061Z,15217115,0.03579000,0.16292672,buy,1618272563,2021-04-13 00:09:23
134,2021-04-13T00:09:34.721Z,15217116,0.03581000,0.30199534,buy,1618272574,2021-04-13 00:09:34
135,2021-04-13T00:09:56.438Z,15217117,0.03582000,0.69800466,sell,1618272596,2021-04-13 00:09:56
136,2021-04-13T00:09:56.438Z,15217118,0.03583000,0.04812954,sell,1618272596,2021-04-13 00:09:56
137,2021-04-13T00:09:56.438Z,15217119,0.03583000,0.16976784,sell,1618272596,2021-04-13 00:09:56
138,2021-04-13T00:09:56.438Z,15217120,0.03583000,0.89131615,sell,1618272596,2021-04-13 00:09:56
139,2021-04-13T00:09:56.438Z,15217121,0.03583000,0.32841823,sell,1618272596,2021-04-13 00:09:56
140,2021-04-13T00:10:05.179Z,15217122,0.03584000,0.04562574,sell,1618272605,2021-04-13 00:10:05
141,2021-04-13T00:10:06.122Z,15217123,0.03584000,0.18463477,sell,1618272606,2021-04-13 00:10:06
142,2021-04-13T00:10:16.401Z,15217124,0.03583000,0.00227044,sell,1618272616,2021-04-13 00:10:16
143,2021-04-13T00:10:17.63Z,15217125,0.03583000,0.20532948,sell,1618272617,2021-04-13 00:10:17
144,2021-04-13T00:10:30.625Z,15217126,0.03584000,0.00297319,sell,1618272630,2021-04-13 00:10:30
145,2021-04-13T00:10:34.205Z,15217127,0.03583000,0.10170037,buy,1618272634,2021-04-13 00:10:34
146,2021-04-13T00:10:34.205Z,15217128,0.03583000,2.97029963,buy,1618272634,2021-04-13 00:10:34
147,2021-04-13T00:10:41.087Z,15217129,0.03583000,0.48333628,sell,1618272641,2021-04-13 00:10:41
148,2021-04-13T00:10:41.926Z,15217130,0.03582000,0.01484051,buy,1618272641,2021-04-13 00:10:41
149,2021-04-13T00:10:47.303Z,15217131,0.03581000,0.00174072,buy,1618272647,2021-04-13 00:10:47
150,2021-04-13T00:10:48.387Z,15217132,0.03581000,0.04142357,buy,1618272648,2021-04-13 00:10:48
151,2021-04-13T00:10:48.563Z,15217133,0.03581000,0.00465433,buy,1618272648,2021-04-13 00:10:48
152,2021-04-13T00:10:50.292Z,15217134,0.03581000,0.24210141,buy,1618272650,2021-04-13 00:10:50
153,2021-04-13T00:10:50.644Z,15217135,0.03581000,0.758,buy,1618272650,2021-04-13 00:10:50
154,2021-04-13T00:10:50.716Z,15217136,0.03581000,0.00094767,buy,1618272650,2021-04-13 00:10:50
155,2021-04-13T00:10:53.378Z,15217137,0.03580000,0.06839754,sell,1618272653,2021-04-13 00:10:53
156,2021-04-13T00:10:59.028Z,15217138,0.03579000,0.52669288,buy,1618272659,2021-04-13 00:10:59
157,2021-04-13T00:10:59.028Z,15217139,0.03579000,0.43177664,buy,1618272659,2021-04-13 00:10:59
158,2021-04-13T00:11:24.303Z,15217140,0.03578000,0.00335611,buy,1618272684,2021-04-13 00:11:24
159,2021-04-13T00:11:24.303Z,15217141,0.03578000,0.10790844,buy,1618272684,2021-04-13 00:11:24
160,2021-04-13T00:11:33.871Z,15217142,0.03578000,0.06702801,buy,1618272693,2021-04-13 00:11:33
161,2021-04-13T00:11:42.53Z,15217143,0.03580000,0.02449744,buy,1618272702,2021-04-13 00:11:42
162,2021-04-13T00:11:49.022Z,15217144,0.03580000,0.02644701,buy,1618272709,2021-04-13 00:11:49
163,2021-04-13T00:11:55.177Z,15217145,0.03580000,0.00436791,buy,1618272715,2021-04-13 00:11:55
164,2021-04-13T00:11:55.79Z,15217146,0.03580000,0.24103872,buy,1618272715,2021-04-13 00:11:55
165,2021-04-13T00:12:00.908Z,15217147,0.03581000,0.09155319,sell,1618272720,2021-04-13 00:12:00
166,2021-04-13T00:12:01.79Z,15217148,0.03580000,0.04646095,buy,1618272721,2021-04-13 00:12:01
167,2021-04-13T00:12:04.99Z,15217149,0.03581000,0.00457206,sell,1618272724,2021-04-13 00:12:04
168,2021-04-13T00:12:06.261Z,15217150,0.03581000,0.13813277,sell,1618272726,2021-04-13 00:12:06
169,2021-04-13T00:12:15.786Z,15217151,0.03581000,0.00508238,sell,1618272735,2021-04-13 00:12:15
170,2021-04-13T00:12:16.194Z,15217152,0.03581000,0.0135202,sell,1618272736,2021-04-13 00:12:16
171,2021-04-13T00:12:17.044Z,15217153,0.03581000,0.01094887,sell,1618272737,2021-04-13 00:12:17
172,2021-04-13T00:12:36.935Z,15217154,0.03580000,0.83674503,buy,1618272756,2021-04-13 00:12:36
173,2021-04-13T00:12:39.443Z,15217155,0.03580000,0.17997162,buy,1618272759,2021-04-13 00:12:39
174,2021-04-13T00:12:42.416Z,15217156,0.03579000,0.00130778,sell,1618272762,2021-04-13 00:12:42
175,2021-04-13T00:12:46.663Z,15217157,0.03578000,0.00510545,buy,1618272766,2021-04-13 00:12:46
176,2021-04-13T00:12:52.949Z,15217158,0.03580000,0.04813036,sell,1618272772,2021-04-13 00:12:52
177,2021-04-13T00:12:52.949Z,15217159,0.03580000,0.02596867,sell,1618272772,2021-04-13 00:12:52
178,2021-04-13T00:12:57.625Z,15217160,0.03580000,4.09420528,sell,1618272777,2021-04-13 00:12:57
179,2021-04-13T00:13:01.471Z,15217161,0.03580000,0.02375643,sell,1618272781,2021-04-13 00:13:01
180,2021-04-13T00:13:03.922Z,15217162,0.03580000,0.00342316,sell,1618272783,2021-04-13 00:13:03
181,2021-04-13T00:13:08.705Z,15217163,0.03579000,0.00169276,buy,1618272788,2021-04-13 00:13:08
182,2021-04-13T00:13:10.32Z,15217164,0.03580000,0.00180743,sell,1618272790,2021-04-13 00:13:10
183,2021-04-13T00:13:17.527Z,15217165,0.03580000,0.0090919,sell,1618272797,2021-04-13 00:13:17
184,2021-04-13T00:13:20Z,15217166,0.03579000,0.00537625,buy,1618272800,2021-04-13 00:13:20
185,2021-04-13T00:13:30.258Z,15217167,0.03579000,0.22754409,sell,1618272810,2021-04-13 00:13:30
186,2021-04-13T00:13:43.716Z,15217168,0.03579000,0.00951822,sell,1618272823,2021-04-13 00:13:43
187,2021-04-13T00:13:47.734Z,15217169,0.03577000,0.01161092,buy,1618272827,2021-04-13 00:13:47
188,2021-04-13T00:13:50.513Z,15217170,0.03576000,0.53633258,sell,1618272830,2021-04-13 00:13:50
189,2021-04-13T00:13:50.756Z,15217171,0.03577000,0.00215807,sell,1618272830,2021-04-13 00:13:50
190,2021-04-13T00:13:52.094Z,15217172,0.03577000,0.671,sell,1618272832,2021-04-13 00:13:52
191,2021-04-13T00:13:52.094Z,15217173,0.03577000,0.17849349,sell,1618272832,2021-04-13 00:13:52
192,2021-04-13T00:13:52.094Z,15217174,0.03578000,4.8,sell,1618272832,2021-04-13 00:13:52
193,2021-04-13T00:13:52.094Z,15217175,0.03578000,0.04813229,sell,1618272832,2021-04-13 00:13:52
194,2021-04-13T00:13:52.094Z,15217176,0.03578000,1.6,sell,1618272832,2021-04-13 00:13:52
195,2021-04-13T00:13:52.094Z,15217177,0.03578000,0.74393989,sell,1618272832,2021-04-13 00:13:52
196,2021-04-13T00:13:52.094Z,15217178,0.03578000,0.14,sell,1618272832,2021-04-13 00:13:52
197,2021-04-13T00:13:52.094Z,15217179,0.03579000,0.24202818,sell,1618272832,2021-04-13 00:13:52
198,2021-04-13T00:13:52.094Z,15217180,0.03579000,4.35,sell,1618272832,2021-04-13 00:13:52
199,2021-04-13T00:13:52.094Z,15217181,0.03579000,0.96829758,sell,1618272832,2021-04-13 00:13:52
200,2021-04-13T00:13:52.094Z,15217182,0.03579000,0.48414879,sell,1618272832,2021-04-13 00:13:52
201,2021-04-13T00:13:52.094Z,15217183,0.03579000,3.0,sell,1618272832,2021-04-13 00:13:52
202,2021-04-13T00:13:52.094Z,15217184,0.03579000,0.16,sell,1618272832,2021-04-13 00:13:52
203,2021-04-13T00:13:52.094Z,15217185,0.03580000,0.00115971,sell,1618272832,2021-04-13 00:13:52
204,2021-04-13T00:13:52.094Z,15217186,0.03580000,2.99531114,sell,1618272832,2021-04-13 00:13:52
205,2021-04-13T00:13:53.873Z,15217187,0.03577000,0.24556625,buy,1618272833,2021-04-13 00:13:53
206,2021-04-13T00:13:58.831Z,15217188,0.03577000,0.49423179,buy,1618272838,2021-04-13 00:13:58
207,2021-04-13T00:13:58.831Z,15217189,0.03577000,0.02406792,buy,1618272838,2021-04-13 00:13:58
208,2021-04-13T00:13:58.831Z,15217190,0.03577000,0.4105741,buy,1618272838,2021-04-13 00:13:58
209,2021-04-13T00:14:17.476Z,15217191,0.03578000,0.00227425,sell,1618272857,2021-04-13 00:14:17
210,2021-04-13T00:14:23.237Z,15217192,0.03577000,0.03617778,sell,1618272863,2021-04-13 00:14:23
211,2021-04-13T00:14:27.452Z,15217193,0.03576000,0.14,sell,1618272867,2021-04-13 00:14:27
212,2021-04-13T00:14:31.644Z,15217194,0.03576000,0.00262717,sell,1618272871,2021-04-13 00:14:31
213,2021-04-13T00:14:34.135Z,15217195,0.03577000,0.671,sell,1618272874,2021-04-13 00:14:34
214,2021-04-13T00:14:34.135Z,15217196,0.03578000,0.04813376,sell,1618272874,2021-04-13 00:14:34
215,2021-04-13T00:14:34.135Z,15217197,0.03578000,0.91586624,sell,1618272874,2021-04-13 00:14:34
216,2021-04-13T00:14:37.878Z,15217198,0.03578000,0.01887332,buy,1618272877,2021-04-13 00:14:37
217,2021-04-13T00:14:38.996Z,15217199,0.03579000,0.14211492,sell,1618272879,2021-04-13 00:14:38
218,2021-04-13T00:14:38.996Z,15217200,0.03579000,0.54528296,sell,1618272879,2021-04-13 00:14:38
219,2021-04-13T00:14:40.765Z,15217201,0.03579000,0.03513962,sell,1618272880,2021-04-13 00:14:40
220,2021-04-13T00:14:47.19Z,15217202,0.03579000,0.00180793,sell,1618272887,2021-04-13 00:14:47
221,2021-04-13T00:14:52Z,15217203,0.03579000,0.00504795,sell,1618272892,2021-04-13 00:14:52
222,2021-04-13T00:14:56.821Z,15217204,0.03578000,0.11054824,buy,1618272896,2021-04-13 00:14:56
223,2021-04-13T00:15:02.865Z,15217205,0.03579000,0.00117435,sell,1618272902,2021-04-13 00:15:02
224,2021-04-13T00:15:10.981Z,15217206,0.03579000,0.671,sell,1618272910,2021-04-13 00:15:10
225,2021-04-13T00:15:11.713Z,15217207,0.03580000,0.04812071,sell,1618272911,2021-04-13 00:15:11
226,2021-04-13T00:15:11.713Z,15217208,0.03580000,0.671,sell,1618272911,2021-04-13 00:15:11
227,2021-04-13T00:15:11.713Z,15217209,0.03580000,0.11513268,sell,1618272911,2021-04-13 00:15:11
228,2021-04-13T00:15:11.713Z,15217210,0.03581000,1.6,sell,1618272911,2021-04-13 00:15:11
229,2021-04-13T00:15:11.713Z,15217211,0.03582000,0.52535973,sell,1618272911,2021-04-13 00:15:11
230,2021-04-13T00:15:11.713Z,15217212,0.03582000,0.24185322,sell,1618272911,2021-04-13 00:15:11
231,2021-04-13T00:15:11.713Z,15217213,0.03582000,1.40816035,sell,1618272911,2021-04-13 00:15:11
232,2021-04-13T00:15:12.167Z,15217214,0.03581000,0.0837521,sell,1618272912,2021-04-13 00:15:12
233,2021-04-13T00:15:16.349Z,15217215,0.03578000,0.93474313,buy,1618272916,2021-04-13 00:15:16
234,2021-04-13T00:15:16.349Z,15217216,0.03577000,0.02406616,buy,1618272916,2021-04-13 00:15:16
235,2021-04-13T00:15:16.349Z,15217217,0.03577000,1.80780499,buy,1618272916,2021-04-13 00:15:16
236,2021-04-13T00:15:19.113Z,15217218,0.03578000,0.08832361,sell,1618272919,2021-04-13 00:15:19
237,2021-04-13T00:15:19.113Z,15217219,0.03579000,1.59567639,sell,1618272919,2021-04-13 00:15:19
238,2021-04-13T00:15:26.898Z,15217220,0.03579000,0.02762744,buy,1618272926,2021-04-13 00:15:26
239,2021-04-13T00:15:33.713Z,15217221,0.03580000,0.0048198,sell,1618272933,2021-04-13 00:15:33
240,2021-04-13T00:15:37.264Z,15217222,0.03580000,0.05753351,sell,1618272937,2021-04-13 00:15:37
241,2021-04-13T00:15:40.205Z,15217223,0.03579000,0.00399539,buy,1618272940,2021-04-13 00:15:40
242,2021-04-13T00:15:40.578Z,15217224,0.03579000,0.02341379,buy,1618272940,2021-04-13 00:15:40
243,2021-04-13T00:15:58.129Z,15217225,0.03579000,0.02458514,buy,1618272958,2021-04-13 00:15:58
244,2021-04-13T00:16:14.403Z,15217226,0.03581000,0.04024945,sell,1618272974,2021-04-13 00:16:14
245,2021-04-13T00:16:14.403Z,15217227,0.03581000,0.00519738,sell,1618272974,2021-04-13 00:16:14
246,2021-04-13T00:16:15.499Z,15217228,0.03580000,0.00504795,buy,1618272975,2021-04-13 00:16:15
247,2021-04-13T00:16:27.027Z,15217229,0.03580000,0.0157694,buy,1618272987,2021-04-13 00:16:27
248,2021-04-13T00:16:33.452Z,15217230,0.03581000,0.00492147,sell,1618272993,2021-04-13 00:16:33
249,2021-04-13T00:16:54.885Z,15217231,0.03580000,0.02754577,sell,1618273014,2021-04-13 00:16:54
250,2021-04-13T00:16:58.974Z,15217232,0.03580000,0.01422579,sell,1618273018,2021-04-13 00:16:58
251,2021-04-13T00:17:00.586Z,15217233,0.03580000,0.06521616,sell,1618273020,2021-04-13 00:17:00
252,2021-04-13T00:17:03.707Z,15217234,0.03579000,0.02058625,buy,1618273023,2021-04-13 00:17:03
253,2021-04-13T00:17:07.81Z,15217235,0.03580000,0.46020923,sell,1618273027,2021-04-13 00:17:07
254,2021-04-13T00:17:09.194Z,15217236,0.03579000,0.48,buy,1618273029,2021-04-13 00:17:09
255,2021-04-13T00:17:10.085Z,15217237,0.03580000,0.00225025,sell,1618273030,2021-04-13 00:17:10
256,2021-04-13T00:17:10.098Z,15217238,0.03580000,0.0229305,sell,1618273030,2021-04-13 00:17:10
257,2021-04-13T00:17:10.144Z,15217239,0.03579000,6.341e-05,buy,1618273030,2021-04-13 00:17:10
258,2021-04-13T00:17:10.144Z,15217240,0.03578000,0.00214935,buy,1618273030,2021-04-13 00:17:10
259,2021-04-13T00:17:14.943Z,15217241,0.03579000,0.45473218,sell,1618273034,2021-04-13 00:17:14
260,2021-04-13T00:17:17.353Z,15217242,0.03578000,0.02240222,buy,1618273037,2021-04-13 00:17:17
261,2021-04-13T00:17:19.45Z,15217243,0.03578000,0.12114918,sell,1618273039,2021-04-13 00:17:19
262,2021-04-13T00:17:19.45Z,15217244,0.03578000,1.6,sell,1618273039,2021-04-13 00:17:19
263,2021-04-13T00:17:19.45Z,15217245,0.03578000,0.5323505,sell,1618273039,2021-04-13 00:17:19
264,2021-04-13T00:17:22.073Z,15217246,0.03578000,0.03499835,sell,1618273042,2021-04-13 00:17:22
265,2021-04-13T00:17:26.564Z,15217247,0.03578000,0.00229676,sell,1618273046,2021-04-13 00:17:26
266,2021-04-13T00:17:32.724Z,15217248,0.03578000,0.00922807,sell,1618273052,2021-04-13 00:17:32
267,2021-04-13T00:17:34.113Z,15217249,0.03578000,0.01153372,sell,1618273054,2021-04-13 00:17:34
268,2021-04-13T00:17:43.67Z,15217250,0.03578000,0.08393477,sell,1618273063,2021-04-13 00:17:43
269,2021-04-13T00:17:45.73Z,15217251,0.03577000,0.024059,buy,1618273065,2021-04-13 00:17:45
270,2021-04-13T00:17:45.73Z,15217252,0.03577000,0.14,buy,1618273065,2021-04-13 00:17:45
271,2021-04-13T00:17:45.73Z,15217253,0.03576000,0.21926706,buy,1618273065,2021-04-13 00:17:45
272,2021-04-13T00:17:49.372Z,15217254,0.03576000,0.00339504,buy,1618273069,2021-04-13 00:17:49
273,2021-04-13T00:18:02.284Z,15217255,0.03578000,0.01153372,buy,1618273082,2021-04-13 00:18:02
274,2021-04-13T00:18:05.521Z,15217256,0.03578000,0.04431105,buy,1618273085,2021-04-13 00:18:05
275,2021-04-13T00:18:08.604Z,15217257,0.03578000,0.00835007,buy,1618273088,2021-04-13 00:18:08
276,2021-04-13T00:18:19.859Z,15217258,0.03579000,0.04812316,sell,1618273099,2021-04-13 00:18:19
277,2021-04-13T00:18:19.859Z,15217259,0.03579000,1.99930173,sell,1618273099,2021-04-13 00:18:19
278,2021-04-13T00:18:29.758Z,15217260,0.03577000,0.13874888,buy,1618273109,2021-04-13 00:18:29
279,2021-04-13T00:18:32.417Z,15217261,0.03578000,0.76,buy,1618273112,2021-04-13 00:18:32
280,2021-04-13T00:18:37.22Z,15217262,0.03579000,0.010763,sell,1618273117,2021-04-13 00:18:37
281,2021-04-13T00:18:42.157Z,15217263,0.03579000,0.00857637,sell,1618273122,2021-04-13 00:18:42
282,2021-04-13T00:18:47.178Z,15217264,0.03578000,0.67,buy,1618273127,2021-04-13 00:18:47
283,2021-04-13T00:18:50.888Z,15217265,0.03578000,0.04605137,buy,1618273130,2021-04-13 00:18:50
284,2021-04-13T00:18:58.781Z,15217266,0.03577000,0.0134128,buy,1618273138,2021-04-13 00:18:58
285,2021-04-13T00:19:16.148Z,15217267,0.03576000,0.00112927,buy,1618273156,2021-04-13 00:19:16
286,2021-04-13T00:19:16.148Z,15217268,0.03576000,0.01200459,buy,1618273156,2021-04-13 00:19:16
287,2021-04-13T00:19:17.55Z,15217269,0.03577000,0.03363511,sell,1618273157,2021-04-13 00:19:17
288,2021-04-13T00:19:17.55Z,15217270,0.03577000,0.18156409,sell,1618273157,2021-04-13 00:19:17
289,2021-04-13T00:19:17.55Z,15217271,0.03577000,0.78664759,sell,1618273157,2021-04-13 00:19:17
290,2021-04-13T00:19:19.252Z,15217272,0.03578000,0.05163153,sell,1618273159,2021-04-13 00:19:19
291,2021-04-13T00:19:32.828Z,15217273,0.03577000,0.0240624,buy,1618273172,2021-04-13 00:19:32
292,2021-04-13T00:19:32.828Z,15217274,0.03577000,0.00334969,buy,1618273172,2021-04-13 00:19:32
293,2021-04-13T00:19:36.408Z,15217275,0.03578000,0.1,sell,1618273176,2021-04-13 00:19:36
294,2021-04-13T00:19:36.408Z,15217276,0.03578000,4.72663664,sell,1618273176,2021-04-13 00:19:36
295,2021-04-13T00:19:38.197Z,15217277,0.03578000,0.07336336,sell,1618273178,2021-04-13 00:19:38
296,2021-04-13T00:19:38.197Z,15217278,0.03578000,1.6,sell,1618273178,2021-04-13 00:19:38
297,2021-04-13T00:19:38.197Z,15217279,0.03578000,0.72865018,sell,1618273178,2021-04-13 00:19:38
298,2021-04-13T00:19:38.197Z,15217280,0.03578000,8.0,sell,1618273178,2021-04-13 00:19:38
299,2021-04-13T00:19:38.197Z,15217281,0.03579000,2.225,sell,1618273178,2021-04-13 00:19:38
300,2021-04-13T00:19:38.197Z,15217282,0.03579000,0.04812561,sell,1618273178,2021-04-13 00:19:38
301,2021-04-13T00:19:38.197Z,15217283,0.03579000,8.47994872,sell,1618273178,2021-04-13 00:19:38
302,2021-04-13T00:19:38.197Z,15217284,0.03579000,0.48419415,sell,1618273178,2021-04-13 00:19:38
303,2021-04-13T00:19:38.197Z,15217285,0.03579000,0.14,sell,1618273178,2021-04-13 00:19:38
304,2021-04-13T00:19:38.197Z,15217286,0.03579000,1.04355151,sell,1618273178,2021-04-13 00:19:38
305,2021-04-13T00:19:38.197Z,15217287,0.03580000,0.91,sell,1618273178,2021-04-13 00:19:38
306,2021-04-13T00:19:38.197Z,15217288,0.03580000,0.24238839,sell,1618273178,2021-04-13 00:19:38
307,2021-04-13T00:19:38.197Z,15217289,0.03580000,0.9683883,sell,1618273178,2021-04-13 00:19:38
308,2021-04-13T00:19:38.197Z,15217290,0.03580000,0.96911972,sell,1618273178,2021-04-13 00:19:38
309,2021-04-13T00:19:38.197Z,15217291,0.03580000,3.63290568,sell,1618273178,2021-04-13 00:19:38
310,2021-04-13T00:19:38.197Z,15217292,0.03580000,3.0,sell,1618273178,2021-04-13 00:19:38
311,2021-04-13T00:19:38.197Z,15217293,0.03580000,2.98392373,sell,1618273178,2021-04-13 00:19:38
312,2021-04-13T00:19:38.197Z,15217294,0.03580000,9.98569199,sell,1618273178,2021-04-13 00:19:38
313,2021-04-13T00:19:39.048Z,15217295,0.03577000,0.04506733,buy,1618273179,2021-04-13 00:19:39
314,2021-04-13T00:19:59.469Z,15217296,0.03579000,0.01424732,sell,1618273199,2021-04-13 00:19:59
315,2021-04-13T00:19:59.473Z,15217297,0.03579000,0.04597777,sell,1618273199,2021-04-13 00:19:59
316,2021-04-13T00:19:59.678Z,15217298,0.03578000,0.1279029,buy,1618273199,2021-04-13 00:19:59
317,2021-04-13T00:20:14.491Z,15217299,0.03579000,0.39836601,sell,1618273214,2021-04-13 00:20:14
318,2021-04-13T00:20:24.997Z,15217300,0.03578000,0.04549962,sell,1618273225,2021-04-13 00:20:24
319,2021-04-13T00:20:36.282Z,15217301,0.03578000,0.00271488,sell,1618273236,2021-04-13 00:20:36
320,2021-04-13T00:20:38.564Z,15217302,0.03577000,0.01393136,buy,1618273238,2021-04-13 00:20:38
321,2021-04-13T00:20:39.119Z,15217303,0.03578000,0.18208066,sell,1618273239,2021-04-13 00:20:39
322,2021-04-13T00:20:40.275Z,15217304,0.03578000,0.01689007,sell,1618273240,2021-04-13 00:20:40
323,2021-04-13T00:20:44.198Z,15217305,0.03578000,0.00909699,sell,1618273244,2021-04-13 00:20:44
324,2021-04-13T00:20:45.35Z,15217306,0.03577000,0.02245745,buy,1618273245,2021-04-13 00:20:45
325,2021-04-13T00:20:45.35Z,15217307,0.03577000,0.01280289,buy,1618273245,2021-04-13 00:20:45
326,2021-04-13T00:20:45.35Z,15217308,0.03576000,0.00799114,buy,1618273245,2021-04-13 00:20:45
327,2021-04-13T00:20:45.35Z,15217309,0.03576000,0.09606212,buy,1618273245,2021-04-13 00:20:45
328,2021-04-13T00:20:48.066Z,15217310,0.03578000,0.04551233,sell,1618273248,2021-04-13 00:20:48
329,2021-04-13T00:20:55.573Z,15217311,0.03578000,0.06678132,sell,1618273255,2021-04-13 00:20:55
330,2021-04-13T00:21:05.177Z,15217312,0.03578000,0.02282467,sell,1618273265,2021-04-13 00:21:05
331,2021-04-13T00:21:05.185Z,15217313,0.03578000,1.1139699,sell,1618273265,2021-04-13 00:21:05
332,2021-04-13T00:21:22.757Z,15217314,0.03577000,0.00180793,buy,1618273282,2021-04-13 00:21:22
333,2021-04-13T00:21:31.793Z,15217315,0.03578000,0.13366647,sell,1618273291,2021-04-13 00:21:31
334,2021-04-13T00:21:37.838Z,15217316,0.03577000,1.66445635,buy,1618273297,2021-04-13 00:21:37
335,2021-04-13T00:21:39.609Z,15217317,0.03577000,0.02375775,buy,1618273299,2021-04-13 00:21:39
336,2021-04-13T00:21:40.762Z,15217318,0.03578000,0.15959211,sell,1618273300,2021-04-13 00:21:40
337,2021-04-13T00:21:46.47Z,15217319,0.03579000,0.01640941,sell,1618273306,2021-04-13 00:21:46
338,2021-04-13T00:21:52.721Z,15217320,0.03579000,0.01726528,sell,1618273312,2021-04-13 00:21:52
339,2021-04-13T00:21:52.721Z,15217321,0.03579000,0.00092361,sell,1618273312,2021-04-13 00:21:52
340,2021-04-13T00:22:06.464Z,15217322,0.03579000,0.04410328,sell,1618273326,2021-04-13 00:22:06
341,2021-04-13T00:22:06.464Z,15217323,0.03579000,0.18342221,sell,1618273326,2021-04-13 00:22:06
342,2021-04-13T00:22:08.025Z,15217324,0.03578000,0.00554114,buy,1618273328,2021-04-13 00:22:08
343,2021-04-13T00:22:10.701Z,15217325,0.03580000,0.53558104,sell,1618273330,2021-04-13 00:22:10
344,2021-04-13T00:22:15.55Z,15217326,0.03578000,0.01161179,buy,1618273335,2021-04-13 00:22:15
345,2021-04-13T00:22:17.619Z,15217327,0.03578000,0.12838821,buy,1618273337,2021-04-13 00:22:17
346,2021-04-13T00:22:17.619Z,15217328,0.03578000,0.00683644,buy,1618273337,2021-04-13 00:22:17
347,2021-04-13T00:22:17.619Z,15217329,0.03578000,0.14749344,buy,1618273337,2021-04-13 00:22:17
348,2021-04-13T00:22:36.004Z,15217330,0.03580000,0.04410063,sell,1618273356,2021-04-13 00:22:36
349,2021-04-13T00:22:36.004Z,15217331,0.03580000,0.0014117,sell,1618273356,2021-04-13 00:22:36
350,2021-04-13T00:22:45.969Z,15217332,0.03580000,0.01908752,sell,1618273365,2021-04-13 00:22:45
351,2021-04-13T00:22:46.998Z,15217333,0.03580000,0.53544471,sell,1618273367,2021-04-13 00:22:46
352,2021-04-13T00:22:51.086Z,15217334,0.03580000,0.00485798,sell,1618273371,2021-04-13 00:22:51
353,2021-04-13T00:22:52.883Z,15217335,0.03580000,0.06664175,sell,1618273372,2021-04-13 00:22:52
354,2021-04-13T00:23:21.644Z,15217336,0.03579000,0.08255423,sell,1618273401,2021-04-13 00:23:21
355,2021-04-13T00:23:23.141Z,15217337,0.03579000,0.00909444,sell,1618273403,2021-04-13 00:23:23
356,2021-04-13T00:23:36.073Z,15217338,0.03579000,0.2320514,buy,1618273416,2021-04-13 00:23:36
357,2021-04-13T00:23:36.608Z,15217339,0.03580000,0.04009214,sell,1618273416,2021-04-13 00:23:36
358,2021-04-13T00:23:36.608Z,15217340,0.03580000,0.26,sell,1618273416,2021-04-13 00:23:36
359,2021-04-13T00:23:36.608Z,15217341,0.03580000,1.6,sell,1618273416,2021-04-13 00:23:36
360,2021-04-13T00:23:36.608Z,15217342,0.03580000,4.6,sell,1618273416,2021-04-13 00:23:36
361,2021-04-13T00:23:50.525Z,15217343,0.03579000,0.02552565,buy,1618273430,2021-04-13 00:23:50
362,2021-04-13T00:23:58.435Z,15217344,0.03581000,0.01424895,sell,1618273438,2021-04-13 00:23:58
363,2021-04-13T00:23:59.082Z,15217345,0.03579000,0.0812478,buy,1618273439,2021-04-13 00:23:59
364,2021-04-13T00:24:01.401Z,15217346,0.03581000,0.00241005,sell,1618273441,2021-04-13 00:24:01
365,2021-04-13T00:24:17.78Z,15217347,0.03581000,0.0063039,sell,1618273457,2021-04-13 00:24:17
366,2021-04-13T00:24:23.723Z,15217348,0.03579000,0.04641028,buy,1618273463,2021-04-13 00:24:23
367,2021-04-13T00:24:43.27Z,15217349,0.03581000,0.00134188,sell,1618273483,2021-04-13 00:24:43
368,2021-04-13T00:24:50.979Z,15217350,0.03579000,0.46398545,buy,1618273490,2021-04-13 00:24:50
369,2021-04-13T00:24:57.473Z,15217351,0.03579000,0.01757284,sell,1618273497,2021-04-13 00:24:57
370,2021-04-13T00:25:07.367Z,15217352,0.03581000,0.06835223,sell,1618273507,2021-04-13 00:25:07
371,2021-04-13T00:25:15.412Z,15217353,0.03581000,0.22737977,sell,1618273515,2021-04-13 00:25:15
372,2021-04-13T00:25:15.419Z,15217354,0.03581000,1.55792117,sell,1618273515,2021-04-13 00:25:15
373,2021-04-13T00:25:22.801Z,15217355,0.03581000,2.94634683,sell,1618273522,2021-04-13 00:25:22
374,2021-04-13T00:25:22.801Z,15217356,0.03581000,0.03928397,sell,1618273522,2021-04-13 00:25:22
375,2021-04-13T00:25:22.801Z,15217357,0.03581000,0.31036761,sell,1618273522,2021-04-13 00:25:22
376,2021-04-13T00:25:24.544Z,15217358,0.03581000,0.13289091,sell,1618273524,2021-04-13 00:25:24
377,2021-04-13T00:25:34.388Z,15217359,0.03581000,0.04592445,sell,1618273534,2021-04-13 00:25:34
378,2021-04-13T00:25:38.152Z,15217360,0.03581000,2.27313545,sell,1618273538,2021-04-13 00:25:38
379,2021-04-13T00:25:45.209Z,15217361,0.03580000,1.87643451,buy,1618273545,2021-04-13 00:25:45
380,2021-04-13T00:25:58.913Z,15217362,0.03581000,0.00152593,sell,1618273558,2021-04-13 00:25:58
381,2021-04-13T00:26:02.302Z,15217363,0.03581000,0.01241848,sell,1618273562,2021-04-13 00:26:02
382,2021-04-13T00:26:06.239Z,15217364,0.03581000,0.02533786,sell,1618273566,2021-04-13 00:26:06
383,2021-04-13T00:26:06.239Z,15217365,0.03581000,0.06558318,sell,1618273566,2021-04-13 00:26:06
384,2021-04-13T00:26:37.733Z,15217366,0.03581000,0.00124951,sell,1618273597,2021-04-13 00:26:37
385,2021-04-13T00:26:41.053Z,15217367,0.03581000,0.00896452,sell,1618273601,2021-04-13 00:26:41
386,2021-04-13T00:26:44.61Z,15217368,0.03581000,0.03584417,sell,1618273604,2021-04-13 00:26:44
387,2021-04-13T00:26:57.109Z,15217369,0.03581000,0.02956781,sell,1618273617,2021-04-13 00:26:57
388,2021-04-13T00:27:00.477Z,15217370,0.03581000,0.04550159,sell,1618273620,2021-04-13 00:27:00
389,2021-04-13T00:27:05.196Z,15217371,0.03582000,0.06345774,sell,1618273625,2021-04-13 00:27:05
390,2021-04-13T00:27:07.534Z,15217372,0.03582000,0.02318007,sell,1618273627,2021-04-13 00:27:07
391,2021-04-13T00:27:14.09Z,15217373,0.03582000,0.43856965,sell,1618273634,2021-04-13 00:27:14
392,2021-04-13T00:27:14.09Z,15217374,0.03582000,0.039042,sell,1618273634,2021-04-13 00:27:14
393,2021-04-13T00:27:14.09Z,15217375,0.03582000,0.21328922,sell,1618273634,2021-04-13 00:27:14
394,2021-04-13T00:27:14.09Z,15217376,0.03582000,1.14634577,sell,1618273634,2021-04-13 00:27:14
395,2021-04-13T00:27:14.169Z,15217377,0.03582000,0.04321718,sell,1618273634,2021-04-13 00:27:14
396,2021-04-13T00:27:16.249Z,15217378,0.03581000,0.46409312,buy,1618273636,2021-04-13 00:27:16
397,2021-04-13T00:27:25.1Z,15217379,0.03582000,0.00214484,buy,1618273645,2021-04-13 00:27:25
398,2021-04-13T00:27:34.22Z,15217380,0.03583000,0.03903334,sell,1618273654,2021-04-13 00:27:34
399,2021-04-13T00:27:34.22Z,15217381,0.03583000,0.05186431,sell,1618273654,2021-04-13 00:27:34
400,2021-04-13T00:27:58.3Z,15217382,0.03580000,0.46385416,buy,1618273678,2021-04-13 00:27:58
401,2021-04-13T00:28:01.834Z,15217383,0.03580000,0.01363405,sell,1618273681,2021-04-13 00:28:01
402,2021-04-13T00:28:09.653Z,15217384,0.03579000,0.09257377,buy,1618273689,2021-04-13 00:28:09
403,2021-04-13T00:28:15.151Z,15217385,0.03580000,0.03899551,sell,1618273695,2021-04-13 00:28:15
404,2021-04-13T00:28:17.495Z,15217386,0.03580000,0.01818381,sell,1618273697,2021-04-13 00:28:17
405,2021-04-13T00:28:21.558Z,15217387,0.03580000,0.00317669,sell,1618273701,2021-04-13 00:28:21
406,2021-04-13T00:28:21.597Z,15217388,0.03579000,0.02319233,buy,1618273701,2021-04-13 00:28:21
407,2021-04-13T00:28:25.969Z,15217389,0.03579000,0.14082488,buy,1618273705,2021-04-13 00:28:25
408,2021-04-13T00:28:35.291Z,15217390,0.03580000,0.09094643,sell,1618273715,2021-04-13 00:28:35
409,2021-04-13T00:28:39.055Z,15217391,0.03580000,0.30006703,sell,1618273719,2021-04-13 00:28:39
410,2021-04-13T00:28:39.636Z,15217392,0.03579000,0.04990257,buy,1618273719,2021-04-13 00:28:39
411,2021-04-13T00:28:44.327Z,15217393,0.03579000,0.00459096,sell,1618273724,2021-04-13 00:28:44
412,2021-04-13T00:28:56.566Z,15217394,0.03581000,0.02409903,sell,1618273736,2021-04-13 00:28:56
413,2021-04-13T00:29:01.323Z,15217395,0.03581000,0.00367948,sell,1618273741,2021-04-13 00:29:01
414,2021-04-13T00:29:02.624Z,15217396,0.03581000,0.25632052,sell,1618273742,2021-04-13 00:29:02
415,2021-04-13T00:29:02.624Z,15217397,0.03582000,0.0164914,sell,1618273742,2021-04-13 00:29:02
416,2021-04-13T00:29:05.001Z,15217398,0.03581000,0.26,sell,1618273745,2021-04-13 00:29:05
417,2021-04-13T00:29:05.001Z,15217399,0.03581000,1.6,sell,1618273745,2021-04-13 00:29:05
418,2021-04-13T00:29:05.001Z,15217400,0.03581000,2.95856477,sell,1618273745,2021-04-13 00:29:05
419,2021-04-13T00:29:06.693Z,15217401,0.03580000,0.04933987,buy,1618273746,2021-04-13 00:29:06
420,2021-04-13T00:29:12.217Z,15217402,0.03580000,0.9389378,sell,1618273752,2021-04-13 00:29:12
421,2021-04-13T00:29:12.217Z,15217403,0.03580000,0.06085622,sell,1618273752,2021-04-13 00:29:12
422,2021-04-13T00:29:12.625Z,15217404,0.03580000,0.00159421,sell,1618273752,2021-04-13 00:29:12
423,2021-04-13T00:29:17.26Z,15217405,0.03580000,0.17213495,sell,1618273757,2021-04-13 00:29:17
424,2021-04-13T00:29:18.017Z,15217406,0.03580000,0.9045288,sell,1618273758,2021-04-13 00:29:18
425,2021-04-13T00:29:47.589Z,15217407,0.03579000,0.00260479,sell,1618273787,2021-04-13 00:29:47
426,2021-04-13T00:29:56.476Z,15217408,0.03579000,0.04544483,sell,1618273796,2021-04-13 00:29:56
427,2021-04-13T00:30:01.217Z,15217409,0.03579000,0.02401795,buy,1618273801,2021-04-13 00:30:01
428,2021-04-13T00:30:07.514Z,15217410,0.03579000,0.02199365,sell,1618273807,2021-04-13 00:30:07
429,2021-04-13T00:30:27.466Z,15217411,0.03579000,0.02373782,buy,1618273827,2021-04-13 00:30:27
430,2021-04-13T00:30:28.211Z,15217412,0.03580000,0.00415123,sell,1618273828,2021-04-13 00:30:28
431,2021-04-13T00:30:33.663Z,15217413,0.03579000,0.46368962,buy,1618273833,2021-04-13 00:30:33
432,2021-04-13T00:30:39.569Z,15217414,0.03578000,0.06776346,buy,1618273839,2021-04-13 00:30:39
433,2021-04-13T00:30:43.662Z,15217415,0.03580000,0.03631285,sell,1618273843,2021-04-13 00:30:43
434,2021-04-13T00:30:45.047Z,15217416,0.03580000,0.00918192,sell,1618273845,2021-04-13 00:30:45
435,2021-04-13T00:31:00.992Z,15217417,0.03578000,0.0091646,buy,1618273860,2021-04-13 00:31:00
436,2021-04-13T00:31:09.279Z,15217418,0.03578000,0.00956125,buy,1618273869,2021-04-13 00:31:09
437,2021-04-13T00:31:09.279Z,15217419,0.03578000,0.16606101,buy,1618273869,2021-04-13 00:31:09
438,2021-04-13T00:31:20.975Z,15217420,0.03580000,0.02018869,sell,1618273880,2021-04-13 00:31:20
439,2021-04-13T00:31:23.585Z,15217421,0.03581000,0.00457462,sell,1618273883,2021-04-13 00:31:23
440,2021-04-13T00:31:45.608Z,15217422,0.03579000,0.27813962,buy,1618273905,2021-04-13 00:31:45
441,2021-04-13T00:31:53.071Z,15217423,0.03580000,0.00501753,sell,1618273913,2021-04-13 00:31:53
442,2021-04-13T00:31:59.555Z,15217424,0.03579000,0.00172894,buy,1618273919,2021-04-13 00:31:59
443,2021-04-13T00:31:59.555Z,15217425,0.03578000,0.00286269,buy,1618273919,2021-04-13 00:31:59
444,2021-04-13T00:32:12.038Z,15217426,0.03580000,0.41690977,sell,1618273932,2021-04-13 00:32:12
445,2021-04-13T00:32:14.811Z,15217427,0.03580000,0.02724833,sell,1618273934,2021-04-13 00:32:14
446,2021-04-13T00:32:20.966Z,15217428,0.03580000,0.05571694,sell,1618273940,2021-04-13 00:32:20
447,2021-04-13T00:32:22.055Z,15217429,0.03580000,0.01403796,sell,1618273942,2021-04-13 00:32:22
448,2021-04-13T00:32:26.872Z,15217430,0.03580000,0.00691395,sell,1618273946,2021-04-13 00:32:26
449,2021-04-13T00:32:28.514Z,15217431,0.03580000,0.06892905,sell,1618273948,2021-04-13 00:32:28
450,2021-04-13T00:32:54.996Z,15217432,0.03578000,0.04546625,buy,1618273975,2021-04-13 00:32:54
451,2021-04-13T00:32:57.302Z,15217433,0.03578000,0.05854852,buy,1618273977,2021-04-13 00:32:57
452,2021-04-13T00:33:21.324Z,15217434,0.03578000,0.03646027,buy,1618274001,2021-04-13 00:33:21
453,2021-04-13T00:33:38.297Z,15217435,0.03579000,0.00463857,buy,1618274018,2021-04-13 00:33:38
454,2021-04-13T00:33:43.001Z,15217436,0.03579000,1.07819967,buy,1618274023,2021-04-13 00:33:43
455,2021-04-13T00:33:43.001Z,15217437,0.03579000,0.65180033,buy,1618274023,2021-04-13 00:33:43
456,2021-04-13T00:33:54.179Z,15217438,0.03579000,0.00133528,buy,1618274034,2021-04-13 00:33:54
457,2021-04-13T00:33:55.686Z,15217439,0.03579000,0.00836044,sell,1618274035,2021-04-13 00:33:55
458,2021-04-13T00:34:11.823Z,15217440,0.03578000,0.0024475,buy,1618274051,2021-04-13 00:34:11
459,2021-04-13T00:34:28.417Z,15217441,0.03579000,0.00412195,sell,1618274068,2021-04-13 00:34:28
460,2021-04-13T00:34:32.137Z,15217442,0.03578000,0.01872565,buy,1618274072,2021-04-13 00:34:32
461,2021-04-13T00:34:32.137Z,15217443,0.03578000,0.19044229,buy,1618274072,2021-04-13 00:34:32
462,2021-04-13T00:34:38.54Z,15217444,0.03578000,0.00227993,buy,1618274078,2021-04-13 00:34:38
463,2021-04-13T00:34:50.053Z,15217445,0.03578000,0.01279642,buy,1618274090,2021-04-13 00:34:50
464,2021-04-13T00:34:52.464Z,15217446,0.03578000,0.04376921,sell,1618274092,2021-04-13 00:34:52
465,2021-04-13T00:34:56.297Z,15217447,0.03577000,0.35737554,sell,1618274096,2021-04-13 00:34:56
466,2021-04-13T00:35:05.414Z,15217448,0.03577000,0.01540523,sell,1618274105,2021-04-13 00:35:05
467,2021-04-13T00:35:19.555Z,15217449,0.03577000,0.01669161,sell,1618274119,2021-04-13 00:35:19
468,2021-04-13T00:35:27.743Z,15217450,0.03576000,0.01151506,buy,1618274127,2021-04-13 00:35:27
469,2021-04-13T00:35:30.378Z,15217451,0.03578000,0.01137441,sell,1618274130,2021-04-13 00:35:30
470,2021-04-13T00:35:31.286Z,15217452,0.03578000,0.01137441,sell,1618274131,2021-04-13 00:35:31
471,2021-04-13T00:35:32.623Z,15217453,0.03578000,0.04700647,sell,1618274132,2021-04-13 00:35:32
472,2021-04-13T00:35:39.434Z,15217454,0.03577000,0.06486961,sell,1618274139,2021-04-13 00:35:39
473,2021-04-13T00:35:42.877Z,15217455,0.03578000,0.00317935,sell,1618274142,2021-04-13 00:35:42
474,2021-04-13T00:35:43.817Z,15217456,0.03578000,0.00638612,sell,1618274143,2021-04-13 00:35:43
475,2021-04-13T00:35:48.535Z,15217457,0.03579000,0.00895779,sell,1618274148,2021-04-13 00:35:48
476,2021-04-13T00:35:51.385Z,15217458,0.03579000,0.0130254,sell,1618274151,2021-04-13 00:35:51
477,2021-04-13T00:36:06.341Z,15217459,0.03579000,0.71170019,sell,1618274166,2021-04-13 00:36:06
478,2021-04-13T00:36:06.341Z,15217460,0.03579000,2.9284337,sell,1618274166,2021-04-13 00:36:06
479,2021-04-13T00:36:06.866Z,15217461,0.03578000,0.00597399,buy,1618274166,2021-04-13 00:36:06
480,2021-04-13T00:36:09.729Z,15217462,0.03578000,0.0027554,buy,1618274169,2021-04-13 00:36:09
481,2021-04-13T00:36:10.906Z,15217463,0.03578000,0.00987153,buy,1618274170,2021-04-13 00:36:10
482,2021-04-13T00:36:10.906Z,15217464,0.03578000,0.01232264,buy,1618274170,2021-04-13 00:36:10
483,2021-04-13T00:36:10.906Z,15217465,0.03577000,0.14026896,buy,1618274170,2021-04-13 00:36:10
484,2021-04-13T00:36:25.568Z,15217466,0.03578000,0.00928525,buy,1618274185,2021-04-13 00:36:25
485,2021-04-13T00:36:25.588Z,15217467,0.03578000,0.00931541,buy,1618274185,2021-04-13 00:36:25
486,2021-04-13T00:36:25.588Z,15217468,0.03577000,0.47483331,buy,1618274185,2021-04-13 00:36:25
487,2021-04-13T00:36:25.64Z,15217469,0.03577000,0.96816278,buy,1618274185,2021-04-13 00:36:25
488,2021-04-13T00:36:27.525Z,15217470,0.03576000,0.06052732,buy,1618274187,2021-04-13 00:36:27
489,2021-04-13T00:36:32.273Z,15217471,0.03576000,4.73947268,buy,1618274192,2021-04-13 00:36:32
490,2021-04-13T00:36:32.273Z,15217472,0.03576000,0.01860352,buy,1618274192,2021-04-13 00:36:32
491,2021-04-13T00:36:32.273Z,15217473,0.03576000,0.09114667,buy,1618274192,2021-04-13 00:36:32
492,2021-04-13T00:36:32.273Z,15217474,0.03575000,0.5259111,buy,1618274192,2021-04-13 00:36:32
493,2021-04-13T00:36:32.273Z,15217475,0.03575000,9.15980456,buy,1618274192,2021-04-13 00:36:32
494,2021-04-13T00:36:32.273Z,15217476,0.03575000,8.0,buy,1618274192,2021-04-13 00:36:32
495,2021-04-13T00:36:32.273Z,15217477,0.03575000,0.65689878,buy,1618274192,2021-04-13 00:36:32
496,2021-04-13T00:36:32.273Z,15217478,0.03575000,1.6,buy,1618274192,2021-04-13 00:36:32
497,2021-04-13T00:36:32.273Z,15217479,0.03575000,0.06906447,buy,1618274192,2021-04-13 00:36:32
498,2021-04-13T00:36:47.723Z,15217480,0.03576000,0.01860581,buy,1618274207,2021-04-13 00:36:47
499,2021-04-13T00:36:47.723Z,15217481,0.03575000,0.40562067,buy,1618274207,2021-04-13 00:36:47
500,2021-04-13T00:36:49.844Z,15217482,0.03576000,0.00723906,sell,1618274209,2021-04-13 00:36:49
501,2021-04-13T00:36:49.92Z,15217483,0.03575000,0.00551693,buy,1618274209,2021-04-13 00:36:49
502,2021-04-13T00:36:57.244Z,15217484,0.03574000,0.00202174,sell,1618274217,2021-04-13 00:36:57
503,2021-04-13T00:37:07.336Z,15217485,0.03575000,0.11383519,sell,1618274227,2021-04-13 00:37:07
504,2021-04-13T00:37:08.416Z,15217486,0.03575000,0.18211984,sell,1618274228,2021-04-13 00:37:08
505,2021-04-13T00:37:10.146Z,15217487,0.03575000,0.01532065,buy,1618274230,2021-04-13 00:37:10
506,2021-04-13T00:37:23.122Z,15217488,0.03576000,4.8,sell,1618274243,2021-04-13 00:37:23
507,2021-04-13T00:37:23.122Z,15217489,0.03576000,1.6,sell,1618274243,2021-04-13 00:37:23
508,2021-04-13T00:37:23.122Z,15217490,0.03576000,2.88923424,sell,1618274243,2021-04-13 00:37:23
509,2021-04-13T00:37:26.844Z,15217491,0.03576000,0.00910208,sell,1618274246,2021-04-13 00:37:26
510,2021-04-13T00:37:28.324Z,15217492,0.03576000,0.00262662,sell,1618274248,2021-04-13 00:37:28
511,2021-04-13T00:37:29.022Z,15217493,0.03576000,0.00229142,sell,1618274249,2021-04-13 00:37:29
512,2021-04-13T00:37:35.943Z,15217494,0.03576000,0.04638769,sell,1618274255,2021-04-13 00:37:35
513,2021-04-13T00:37:38.506Z,15217495,0.03576000,0.00457845,sell,1618274258,2021-04-13 00:37:38
514,2021-04-13T00:37:38.89Z,15217496,0.03576000,0.03589429,sell,1618274258,2021-04-13 00:37:38
515,2021-04-13T00:37:45.509Z,15217497,0.03575000,0.00927391,buy,1618274265,2021-04-13 00:37:45
516,2021-04-13T00:37:47.795Z,15217498,0.03576000,1.01082379,sell,1618274267,2021-04-13 00:37:47
517,2021-04-13T00:38:03.76Z,15217499,0.03575000,0.03252474,sell,1618274283,2021-04-13 00:38:03
518,2021-04-13T00:38:03.76Z,15217500,0.03575000,0.19462308,sell,1618274283,2021-04-13 00:38:03
519,2021-04-13T00:38:06.596Z,15217501,0.03575000,2.00869762,sell,1618274286,2021-04-13 00:38:06
520,2021-04-13T00:38:09.829Z,15217502,0.03575000,0.01860711,buy,1618274289,2021-04-13 00:38:09
521,2021-04-13T00:38:13.67Z,15217503,0.03574000,0.01264862,buy,1618274293,2021-04-13 00:38:13
522,2021-04-13T00:38:16.136Z,15217504,0.03574000,1.69990923,buy,1618274296,2021-04-13 00:38:16
523,2021-04-13T00:38:17.578Z,15217505,0.03575000,0.00256274,sell,1618274297,2021-04-13 00:38:17
524,2021-04-13T00:38:25.355Z,15217506,0.03575000,0.0550665,sell,1618274305,2021-04-13 00:38:25
525,2021-04-13T00:38:30.194Z,15217507,0.03575000,0.03157239,sell,1618274310,2021-04-13 00:38:30
526,2021-04-13T00:38:33.397Z,15217508,0.03574000,1.78744215,buy,1618274313,2021-04-13 00:38:33
527,2021-04-13T00:38:33.397Z,15217509,0.03574000,0.01860973,buy,1618274313,2021-04-13 00:38:33
528,2021-04-13T00:38:33.397Z,15217510,0.03573000,0.05187695,buy,1618274313,2021-04-13 00:38:33
529,2021-04-13T00:38:38.047Z,15217511,0.03575000,0.00232415,sell,1618274318,2021-04-13 00:38:38
530,2021-04-13T00:38:39.824Z,15217512,0.03575000,0.90634307,sell,1618274319,2021-04-13 00:38:39
531,2021-04-13T00:38:41.029Z,15217513,0.03575000,3.80213115,sell,1618274321,2021-04-13 00:38:41
532,2021-04-13T00:38:41.029Z,15217514,0.03575000,5.38199225,sell,1618274321,2021-04-13 00:38:41
533,2021-04-13T00:38:41.626Z,15217515,0.03575000,0.00227616,sell,1618274321,2021-04-13 00:38:41
534,2021-04-13T00:38:45.648Z,15217516,0.03575000,0.0100096,sell,1618274325,2021-04-13 00:38:45
535,2021-04-13T00:38:46.404Z,15217517,0.03573000,0.18672185,buy,1618274326,2021-04-13 00:38:46
536,2021-04-13T00:38:53.816Z,15217518,0.03575000,0.04196106,sell,1618274333,2021-04-13 00:38:53
537,2021-04-13T00:38:56.626Z,15217519,0.03575000,0.00314274,sell,1618274336,2021-04-13 00:38:56
538,2021-04-13T00:39:01.617Z,15217520,0.03575000,0.22750582,sell,1618274341,2021-04-13 00:39:01
539,2021-04-13T00:39:02.556Z,15217521,0.03574000,0.01860845,buy,1618274342,2021-04-13 00:39:02
540,2021-04-13T00:39:02.556Z,15217522,0.03574000,0.44587376,buy,1618274342,2021-04-13 00:39:02
541,2021-04-13T00:39:05.528Z,15217523,0.03575000,0.02276155,sell,1618274345,2021-04-13 00:39:05
542,2021-04-13T00:39:08.618Z,15217524,0.03575000,0.00910462,sell,1618274348,2021-04-13 00:39:08
543,2021-04-13T00:39:16.065Z,15217525,0.03575000,0.00324558,sell,1618274356,2021-04-13 00:39:16
544,2021-04-13T00:39:20.58Z,15217526,0.03575000,0.01371177,sell,1618274360,2021-04-13 00:39:20
545,2021-04-13T00:39:29.289Z,15217527,0.03576000,0.09210095,sell,1618274369,2021-04-13 00:39:29
546,2021-04-13T00:39:37.292Z,15217528,0.03573000,0.00141515,buy,1618274377,2021-04-13 00:39:37
547,2021-04-13T00:39:54.575Z,15217529,0.03575000,0.73307058,sell,1618274394,2021-04-13 00:39:54
548,2021-04-13T00:40:12.868Z,15217530,0.03574000,0.01860789,buy,1618274412,2021-04-13 00:40:12
549,2021-04-13T00:40:12.868Z,15217531,0.03573000,0.09469009,buy,1618274412,2021-04-13 00:40:12
550,2021-04-13T00:40:13.068Z,15217532,0.03574000,0.08481969,sell,1618274413,2021-04-13 00:40:13
551,2021-04-13T00:40:20.358Z,15217533,0.03573000,0.02336525,buy,1618274420,2021-04-13 00:40:20
552,2021-04-13T00:40:25.241Z,15217534,0.03574000,0.46009277,sell,1618274425,2021-04-13 00:40:25
553,2021-04-13T00:40:31.146Z,15217535,0.03573000,0.0352144,sell,1618274431,2021-04-13 00:40:31
554,2021-04-13T00:40:31.146Z,15217536,0.03573000,0.02272842,sell,1618274431,2021-04-13 00:40:31
555,2021-04-13T00:40:31.994Z,15217537,0.03572000,0.05739314,buy,1618274431,2021-04-13 00:40:31
556,2021-04-13T00:40:39.164Z,15217538,0.03573000,0.00188012,sell,1618274439,2021-04-13 00:40:39
557,2021-04-13T00:40:41.304Z,15217539,0.03575000,0.31859316,sell,1618274441,2021-04-13 00:40:41
558,2021-04-13T00:40:44.218Z,15217540,0.03573000,0.06960573,buy,1618274444,2021-04-13 00:40:44
559,2021-04-13T00:40:47.901Z,15217541,0.03575000,0.04552115,sell,1618274447,2021-04-13 00:40:47
560,2021-04-13T00:40:55.023Z,15217542,0.03576000,0.45487454,sell,1618274455,2021-04-13 00:40:55
561,2021-04-13T00:41:10.962Z,15217543,0.03575000,0.01860534,buy,1618274470,2021-04-13 00:41:10
562,2021-04-13T00:41:10.962Z,15217544,0.03574000,0.06966439,buy,1618274470,2021-04-13 00:41:10
563,2021-04-13T00:41:17.314Z,15217545,0.03576000,0.00238162,sell,1618274477,2021-04-13 00:41:17
564,2021-04-13T00:41:21.973Z,15217546,0.03576000,0.01378829,sell,1618274481,2021-04-13 00:41:21
565,2021-04-13T00:41:24.728Z,15217547,0.03575000,0.46421699,buy,1618274484,2021-04-13 00:41:24
566,2021-04-13T00:41:30.363Z,15217548,0.03575000,0.06821073,sell,1618274490,2021-04-13 00:41:30
567,2021-04-13T00:41:30.918Z,15217549,0.03575000,0.00124214,sell,1618274490,2021-04-13 00:41:30
568,2021-04-13T00:41:32.989Z,15217550,0.03576000,0.08956588,sell,1618274492,2021-04-13 00:41:32
569,2021-04-13T00:41:34.069Z,15217551,0.03575000,0.22967528,sell,1618274494,2021-04-13 00:41:34
570,2021-04-13T00:41:36.489Z,15217552,0.03575000,0.25905273,sell,1618274496,2021-04-13 00:41:36
571,2021-04-13T00:41:41.45Z,15217553,0.03576000,0.26739876,sell,1618274501,2021-04-13 00:41:41
572,2021-04-13T00:41:52.548Z,15217554,0.03575000,0.05868641,sell,1618274512,2021-04-13 00:41:52
573,2021-04-13T00:41:53.888Z,15217555,0.03574000,3.75,buy,1618274513,2021-04-13 00:41:53
574,2021-04-13T00:41:53.888Z,15217556,0.03574000,0.47,buy,1618274513,2021-04-13 00:41:53
575,2021-04-13T00:41:56.31Z,15217557,0.03575000,0.00910208,sell,1618274516,2021-04-13 00:41:56
576,2021-04-13T00:42:02.775Z,15217558,0.03573000,0.35,buy,1618274522,2021-04-13 00:42:02
577,2021-04-13T00:42:02.955Z,15217559,0.03573000,0.00505176,buy,1618274522,2021-04-13 00:42:02
578,2021-04-13T00:42:04.61Z,15217560,0.03574000,0.02355108,sell,1618274524,2021-04-13 00:42:04
579,2021-04-13T00:42:04.91Z,15217561,0.03573000,3.27,buy,1618274524,2021-04-13 00:42:04
580,2021-04-13T00:42:04.923Z,15217562,0.03573000,0.12,buy,1618274524,2021-04-13 00:42:04
581,2021-04-13T00:42:19.317Z,15217563,0.03573000,3.54974399,sell,1618274539,2021-04-13 00:42:19
582,2021-04-13T00:42:26.415Z,15217564,0.03572000,0.22760463,buy,1618274546,2021-04-13 00:42:26
583,2021-04-13T00:42:29.393Z,15217565,0.03572000,0.00649223,buy,1618274549,2021-04-13 00:42:29
584,2021-04-13T00:42:35.023Z,15217566,0.03573000,0.04033739,sell,1618274555,2021-04-13 00:42:35
585,2021-04-13T00:42:37.653Z,15217567,0.03573000,0.01248635,sell,1618274557,2021-04-13 00:42:37
586,2021-04-13T00:42:54.498Z,15217568,0.03574000,0.21526975,sell,1618274574,2021-04-13 00:42:54
587,2021-04-13T00:42:58.214Z,15217569,0.03574000,0.00408181,sell,1618274578,2021-04-13 00:42:58
588,2021-04-13T00:42:58.678Z,15217570,0.03574000,0.04675343,sell,1618274578,2021-04-13 00:42:58
589,2021-04-13T00:43:09.974Z,15217571,0.03575000,0.00330891,buy,1618274589,2021-04-13 00:43:09
590,2021-04-13T00:43:10.58Z,15217572,0.03576000,0.00337908,sell,1618274590,2021-04-13 00:43:10
591,2021-04-13T00:43:13.258Z,15217573,0.03576000,0.03986978,sell,1618274593,2021-04-13 00:43:13
592,2021-04-13T00:43:13.258Z,15217574,0.03576000,0.74128997,sell,1618274593,2021-04-13 00:43:13
593,2021-04-13T00:43:16.995Z,15217575,0.03575000,0.06907908,buy,1618274596,2021-04-13 00:43:16
594,2021-04-13T00:43:18.145Z,15217576,0.03576000,0.02865967,sell,1618274598,2021-04-13 00:43:18
595,2021-04-13T00:43:23.929Z,15217577,0.03574000,0.11557326,buy,1618274603,2021-04-13 00:43:23
596,2021-04-13T00:43:25.405Z,15217578,0.03575000,0.08346937,sell,1618274605,2021-04-13 00:43:25
597,2021-04-13T00:43:32.202Z,15217579,0.03574000,0.00538503,buy,1618274612,2021-04-13 00:43:32
598,2021-04-13T00:43:33.144Z,15217580,0.03575000,0.00905718,sell,1618274613,2021-04-13 00:43:33
599,2021-04-13T00:43:34.609Z,15217581,0.03574000,0.02932503,buy,1618274614,2021-04-13 00:43:34
600,2021-04-13T00:43:59.692Z,15217582,0.03574000,0.05485267,buy,1618274639,2021-04-13 00:43:59
601,2021-04-13T00:44:12.491Z,15217583,0.03575000,0.06817496,sell,1618274652,2021-04-13 00:44:12
602,2021-04-13T00:44:13.718Z,15217584,0.03575000,0.34087481,sell,1618274653,2021-04-13 00:44:13
603,2021-04-13T00:44:22.112Z,15217585,0.03575000,0.01500069,sell,1618274662,2021-04-13 00:44:22
604,2021-04-13T00:44:26.578Z,15217586,0.03575000,0.00337035,sell,1618274666,2021-04-13 00:44:26
605,2021-04-13T00:44:31.447Z,15217587,0.03574000,0.00926634,buy,1618274671,2021-04-13 00:44:31
606,2021-04-13T00:44:32.612Z,15217588,0.03575000,0.00228347,sell,1618274672,2021-04-13 00:44:32
607,2021-04-13T00:44:33.13Z,15217589,0.03574000,0.60231195,buy,1618274673,2021-04-13 00:44:33
608,2021-04-13T00:44:48.615Z,15217590,0.03574000,0.01009579,sell,1618274688,2021-04-13 00:44:48
609,2021-04-13T00:44:56.02Z,15217591,0.03572000,0.00220674,buy,1618274696,2021-04-13 00:44:56
610,2021-04-13T00:45:09.72Z,15217592,0.03573000,0.02307117,buy,1618274709,2021-04-13 00:45:09
611,2021-04-13T00:45:10.377Z,15217593,0.03574000,0.00631625,sell,1618274710,2021-04-13 00:45:10
612,2021-04-13T00:45:17.418Z,15217594,0.03573000,0.04995227,sell,1618274717,2021-04-13 00:45:17
613,2021-04-13T00:45:17.745Z,15217595,0.03573000,0.00677168,sell,1618274717,2021-04-13 00:45:17
614,2021-04-13T00:45:18.531Z,15217596,0.03573000,0.00182665,sell,1618274718,2021-04-13 00:45:18
615,2021-04-13T00:45:20.496Z,15217597,0.03573000,0.02271306,sell,1618274720,2021-04-13 00:45:20
616,2021-04-13T00:45:21.306Z,15217598,0.03572000,0.05181546,buy,1618274721,2021-04-13 00:45:21
617,2021-04-13T00:45:29.148Z,15217599,0.03573000,0.04409682,buy,1618274729,2021-04-13 00:45:29
618,2021-04-13T00:45:47.535Z,15217600,0.03573000,0.3631127,buy,1618274747,2021-04-13 00:45:47
619,2021-04-13T00:45:53.487Z,15217601,0.03573000,4.6329864,buy,1618274753,2021-04-13 00:45:53
620,2021-04-13T00:46:04.753Z,15217602,0.03574000,0.00785905,sell,1618274764,2021-04-13 00:46:04
621,2021-04-13T00:46:12.876Z,15217603,0.03573000,0.02590233,sell,1618274772,2021-04-13 00:46:12
622,2021-04-13T00:46:14.048Z,15217604,0.03573000,0.00722631,sell,1618274774,2021-04-13 00:46:14
623,2021-04-13T00:46:31.047Z,15217605,0.03573000,0.45425111,sell,1618274791,2021-04-13 00:46:31
624,2021-04-13T00:46:32.792Z,15217606,0.03572000,0.00473256,buy,1618274792,2021-04-13 00:46:32
625,2021-04-13T00:46:41.361Z,15217607,0.03573000,0.83619396,buy,1618274801,2021-04-13 00:46:41
626,2021-04-13T00:46:41.361Z,15217608,0.03572000,0.26330449,buy,1618274801,2021-04-13 00:46:41
627,2021-04-13T00:46:43.367Z,15217609,0.03572000,0.00295116,buy,1618274803,2021-04-13 00:46:43
628,2021-04-13T00:46:45.871Z,15217610,0.03573000,0.10052137,buy,1618274805,2021-04-13 00:46:45
629,2021-04-13T00:46:46.364Z,15217611,0.03574000,0.04539869,sell,1618274806,2021-04-13 00:46:46
630,2021-04-13T00:46:47.673Z,15217612,0.03574000,0.00234809,sell,1618274807,2021-04-13 00:46:47
631,2021-04-13T00:46:49.289Z,15217613,0.03574000,1.00059289,sell,1618274809,2021-04-13 00:46:49
632,2021-04-13T00:47:12.127Z,15217614,0.03574000,0.27244091,sell,1618274832,2021-04-13 00:47:12
633,2021-04-13T00:47:25.651Z,15217615,0.03573000,0.09279623,buy,1618274845,2021-04-13 00:47:25
634,2021-04-13T00:47:30.576Z,15217616,0.03574000,0.00282101,sell,1618274850,2021-04-13 00:47:30
635,2021-04-13T00:47:45.882Z,15217617,0.03571000,0.0097436,buy,1618274865,2021-04-13 00:47:45
636,2021-04-13T00:47:47.104Z,15217618,0.03570000,0.04639811,buy,1618274867,2021-04-13 00:47:47
637,2021-04-13T00:47:47.104Z,15217619,0.03570000,0.1623795,buy,1618274867,2021-04-13 00:47:47
638,2021-04-13T00:47:58.416Z,15217620,0.03571000,0.01702239,buy,1618274878,2021-04-13 00:47:58
639,2021-04-13T00:48:04.048Z,15217621,0.03573000,5.28006444,sell,1618274884,2021-04-13 00:48:04
640,2021-04-13T00:48:05.843Z,15217622,0.03573000,0.135488,sell,1618274885,2021-04-13 00:48:05
641,2021-04-13T00:48:11.429Z,15217623,0.03574000,0.04729047,sell,1618274891,2021-04-13 00:48:11
642,2021-04-13T00:48:15.353Z,15217624,0.03572000,0.00277793,buy,1618274895,2021-04-13 00:48:15
643,2021-04-13T00:48:15.466Z,15217625,0.03572000,0.46398114,buy,1618274895,2021-04-13 00:48:15
644,2021-04-13T00:48:17.007Z,15217626,0.03573000,0.00925118,sell,1618274897,2021-04-13 00:48:17
645,2021-04-13T00:48:19.366Z,15217627,0.03573000,0.01180055,sell,1618274899,2021-04-13 00:48:19
646,2021-04-13T00:48:30.256Z,15217628,0.03571000,0.05791572,buy,1618274910,2021-04-13 00:48:30
647,2021-04-13T00:48:30.585Z,15217629,0.03572000,0.01064629,sell,1618274910,2021-04-13 00:48:30
648,2021-04-13T00:48:34.596Z,15217630,0.03572000,0.16817306,sell,1618274914,2021-04-13 00:48:34
649,2021-04-13T00:48:37.643Z,15217631,0.03572000,0.01401716,sell,1618274917,2021-04-13 00:48:37
650,2021-04-13T00:48:38.794Z,15217632,0.03571000,0.0023225,buy,1618274918,2021-04-13 00:48:38
651,2021-04-13T00:48:39.143Z,15217633,0.03571000,0.00294099,buy,1618274919,2021-04-13 00:48:39
652,2021-04-13T00:48:39.538Z,15217634,0.03572000,4.3604792,sell,1618274919,2021-04-13 00:48:39
653,2021-04-13T00:48:40.042Z,15217635,0.03570000,0.01622534,buy,1618274920,2021-04-13 00:48:40
654,2021-04-13T00:48:46.108Z,15217636,0.03572000,0.00457644,sell,1618274926,2021-04-13 00:48:46
655,2021-04-13T00:48:53.407Z,15217637,0.03570000,0.0127942,buy,1618274933,2021-04-13 00:48:53
656,2021-04-13T00:48:53.407Z,15217638,0.03570000,0.01824719,buy,1618274933,2021-04-13 00:48:53
657,2021-04-13T00:48:53.407Z,15217639,0.03570000,0.46499036,buy,1618274933,2021-04-13 00:48:53
658,2021-04-13T00:49:00.878Z,15217640,0.03570000,0.04635811,buy,1618274940,2021-04-13 00:49:00
659,2021-04-13T00:49:07.391Z,15217641,0.03572000,0.32766608,sell,1618274947,2021-04-13 00:49:07
660,2021-04-13T00:49:07.391Z,15217642,0.03573000,0.10686111,sell,1618274947,2021-04-13 00:49:07
661,2021-04-13T00:49:09.479Z,15217643,0.03572000,0.09728114,sell,1618274949,2021-04-13 00:49:09
662,2021-04-13T00:49:10.006Z,15217644,0.03571000,0.02312543,buy,1618274950,2021-04-13 00:49:10
663,2021-04-13T00:49:10.006Z,15217645,0.03571000,0.05400027,buy,1618274950,2021-04-13 00:49:10
664,2021-04-13T00:49:10.428Z,15217646,0.03572000,8.0,sell,1618274950,2021-04-13 00:49:10
665,2021-04-13T00:49:10.428Z,15217647,0.03572000,7.68,sell,1618274950,2021-04-13 00:49:10
666,2021-04-13T00:49:14.939Z,15217648,0.03573000,7.84,sell,1618274954,2021-04-13 00:49:14
667,2021-04-13T00:49:26.962Z,15217649,0.03575000,4.704,sell,1618274966,2021-04-13 00:49:26
668,2021-04-13T00:49:28.822Z,15217650,0.03576000,0.52,buy,1618274968,2021-04-13 00:49:28
669,2021-04-13T00:49:35.594Z,15217651,0.03575000,0.31696159,buy,1618274975,2021-04-13 00:49:35
670,2021-04-13T00:49:35.594Z,15217652,0.03574000,4.53204238,buy,1618274975,2021-04-13 00:49:35
671,2021-04-13T00:49:38.725Z,15217653,0.03576000,0.07398575,sell,1618274978,2021-04-13 00:49:38
672,2021-04-13T00:49:40.001Z,15217654,0.03574000,0.26795762,buy,1618274980,2021-04-13 00:49:40
673,2021-04-13T00:49:40.001Z,15217655,0.03574000,0.20057271,buy,1618274980,2021-04-13 00:49:40
674,2021-04-13T00:49:57.909Z,15217656,0.03575000,0.0136257,sell,1618274997,2021-04-13 00:49:57
675,2021-04-13T00:50:00.376Z,15217657,0.03573000,0.0459823,buy,1618275000,2021-04-13 00:50:00
676,2021-04-13T00:50:03.052Z,15217658,0.03575000,0.01099377,sell,1618275003,2021-04-13 00:50:03
677,2021-04-13T00:50:06.527Z,15217659,0.03575000,0.04589074,sell,1618275006,2021-04-13 00:50:06
678,2021-04-13T00:50:06.556Z,15217660,0.03575000,0.00569688,sell,1618275006,2021-04-13 00:50:06
679,2021-04-13T00:50:11.008Z,15217661,0.03573000,0.413276,buy,1618275011,2021-04-13 00:50:11
680,2021-04-13T00:50:12.11Z,15217662,0.03574000,0.00147047,buy,1618275012,2021-04-13 00:50:12
681,2021-04-13T00:50:12.11Z,15217663,0.03573000,0.04720473,buy,1618275012,2021-04-13 00:50:12
682,2021-04-13T00:50:14.261Z,15217664,0.03575000,0.00320856,sell,1618275014,2021-04-13 00:50:14
683,2021-04-13T00:50:30.361Z,15217665,0.03574000,0.54518031,sell,1618275030,2021-04-13 00:50:30
684,2021-04-13T00:50:34.238Z,15217666,0.03574000,0.00137156,sell,1618275034,2021-04-13 00:50:34
685,2021-04-13T00:50:37.043Z,15217667,0.03573000,0.54516418,buy,1618275037,2021-04-13 00:50:37
686,2021-04-13T00:50:37.043Z,15217668,0.03573000,3.8,buy,1618275037,2021-04-13 00:50:37
687,2021-04-13T00:50:37.043Z,15217669,0.03573000,0.75218358,buy,1618275037,2021-04-13 00:50:37
688,2021-04-13T00:50:47.405Z,15217670,0.03574000,0.00366097,sell,1618275047,2021-04-13 00:50:47
689,2021-04-13T00:50:48.692Z,15217671,0.03572000,0.06001806,buy,1618275048,2021-04-13 00:50:48
690,2021-04-13T00:50:51.815Z,15217672,0.03573000,0.00970098,sell,1618275051,2021-04-13 00:50:51
691,2021-04-13T00:50:52.04Z,15217673,0.03571000,0.0095135,buy,1618275052,2021-04-13 00:50:52
692,2021-04-13T00:50:53.115Z,15217674,0.03573000,0.12604786,sell,1618275053,2021-04-13 00:50:53
693,2021-04-13T00:50:53.974Z,15217675,0.03572000,0.00239987,buy,1618275053,2021-04-13 00:50:53
694,2021-04-13T00:51:01.059Z,15217676,0.03573000,0.45458037,sell,1618275061,2021-04-13 00:51:01
695,2021-04-13T00:51:08.965Z,15217677,0.03573000,0.06363082,sell,1618275068,2021-04-13 00:51:08
696,2021-04-13T00:51:25.858Z,15217678,0.03573000,0.00149023,buy,1618275085,2021-04-13 00:51:25
697,2021-04-13T00:51:27.445Z,15217679,0.03574000,0.02270671,sell,1618275087,2021-04-13 00:51:27
698,2021-04-13T00:51:43.87Z,15217680,0.03573000,0.00113818,buy,1618275103,2021-04-13 00:51:43
699,2021-04-13T00:51:47.114Z,15217681,0.03574000,0.00181046,sell,1618275107,2021-04-13 00:51:47
700,2021-04-13T00:51:47.594Z,15217682,0.03574000,0.49998903,sell,1618275107,2021-04-13 00:51:47
701,2021-04-13T00:51:47.8Z,15217683,0.03574000,4.2754938,sell,1618275107,2021-04-13 00:51:47
702,2021-04-13T00:51:47.8Z,15217684,0.03574000,3.45160936,sell,1618275107,2021-04-13 00:51:47
703,2021-04-13T00:52:01.276Z,15217685,0.03573000,0.0138165,buy,1618275121,2021-04-13 00:52:01
704,2021-04-13T00:52:04.63Z,15217686,0.03573000,0.01036232,buy,1618275124,2021-04-13 00:52:04
705,2021-04-13T00:52:16.642Z,15217687,0.03574000,0.12634825,sell,1618275136,2021-04-13 00:52:16
706,2021-04-13T00:52:16.948Z,15217688,0.03573000,0.01390334,buy,1618275136,2021-04-13 00:52:16
707,2021-04-13T00:52:22.489Z,15217689,0.03574000,1.00202852,sell,1618275142,2021-04-13 00:52:22
708,2021-04-13T00:52:26.056Z,15217690,0.03574000,0.0118865,sell,1618275146,2021-04-13 00:52:26
709,2021-04-13T00:52:30.508Z,15217691,0.03573000,0.00228347,buy,1618275150,2021-04-13 00:52:30
710,2021-04-13T00:52:31.117Z,15217692,0.03573000,0.01795268,buy,1618275151,2021-04-13 00:52:31
711,2021-04-13T00:52:33.447Z,15217693,0.03574000,0.01363332,sell,1618275153,2021-04-13 00:52:33
712,2021-04-13T00:52:33.567Z,15217694,0.03574000,1.2513591,sell,1618275153,2021-04-13 00:52:33
713,2021-04-13T00:52:33.567Z,15217695,0.03575000,0.01363332,sell,1618275153,2021-04-13 00:52:33
714,2021-04-13T00:52:38.931Z,15217696,0.03573000,0.08824863,buy,1618275158,2021-04-13 00:52:38
715,2021-04-13T00:52:53.986Z,15217697,0.03575000,0.0023417,sell,1618275173,2021-04-13 00:52:53
716,2021-04-13T00:52:54.742Z,15217698,0.03573000,0.01853779,buy,1618275174,2021-04-13 00:52:54
717,2021-04-13T00:53:07.046Z,15217699,0.03574000,0.46373156,sell,1618275187,2021-04-13 00:53:07
718,2021-04-13T00:53:20.659Z,15217700,0.03571000,0.00235068,buy,1618275200,2021-04-13 00:53:20
719,2021-04-13T00:53:37.924Z,15217701,0.03573000,0.00969456,buy,1618275217,2021-04-13 00:53:37
720,2021-04-13T00:53:44.516Z,15217702,0.03574000,0.45892502,sell,1618275224,2021-04-13 00:53:44
721,2021-04-13T00:53:54.434Z,15217703,0.03574000,0.02271306,sell,1618275234,2021-04-13 00:53:54
722,2021-04-13T00:53:55.48Z,15217704,0.03574000,0.44835168,sell,1618275235,2021-04-13 00:53:55
723,2021-04-13T00:53:55.499Z,15217705,0.03574000,0.01376831,sell,1618275235,2021-04-13 00:53:55
724,2021-04-13T00:54:02.028Z,15217706,0.03574000,0.36354609,sell,1618275242,2021-04-13 00:54:02
725,2021-04-13T00:54:02.66Z,15217707,0.03574000,0.00455359,sell,1618275242,2021-04-13 00:54:02
726,2021-04-13T00:54:10.874Z,15217708,0.03573000,0.35022514,sell,1618275250,2021-04-13 00:54:10
727,2021-04-13T00:54:13.268Z,15217709,0.03573000,0.62841436,sell,1618275253,2021-04-13 00:54:13
728,2021-04-13T00:54:20.069Z,15217710,0.03573000,0.04408199,sell,1618275260,2021-04-13 00:54:20
729,2021-04-13T00:54:25.933Z,15217711,0.03574000,0.15490196,sell,1618275265,2021-04-13 00:54:25
730,2021-04-13T00:54:37.03Z,15217712,0.03574000,0.00229846,sell,1618275277,2021-04-13 00:54:37
731,2021-04-13T00:54:40.662Z,15217713,0.03574000,0.05034684,sell,1618275280,2021-04-13 00:54:40
732,2021-04-13T00:54:46.171Z,15217714,0.03573000,0.15190019,buy,1618275286,2021-04-13 00:54:46
733,2021-04-13T00:54:46.171Z,15217715,0.03573000,4.48417917,buy,1618275286,2021-04-13 00:54:46
734,2021-04-13T00:54:49.57Z,15217716,0.03574000,0.00252368,sell,1618275289,2021-04-13 00:54:49
735,2021-04-13T00:54:52.315Z,15217717,0.03574000,0.09177947,sell,1618275292,2021-04-13 00:54:52
736,2021-04-13T00:54:55.749Z,15217718,0.03574000,0.0459405,sell,1618275295,2021-04-13 00:54:55
737,2021-04-13T00:55:03.155Z,15217719,0.03572000,0.00455604,buy,1618275303,2021-04-13 00:55:03
738,2021-04-13T00:55:08.948Z,15217720,0.03574000,0.02271306,sell,1618275308,2021-04-13 00:55:08
739,2021-04-13T00:55:10.655Z,15217721,0.03574000,0.00188379,sell,1618275310,2021-04-13 00:55:10
740,2021-04-13T00:55:11.798Z,15217722,0.03574000,0.00482789,sell,1618275311,2021-04-13 00:55:11
741,2021-04-13T00:55:21.273Z,15217723,0.03575000,0.35486881,sell,1618275321,2021-04-13 00:55:21
742,2021-04-13T00:55:30.307Z,15217724,0.03574000,0.01436829,sell,1618275330,2021-04-13 00:55:30
743,2021-04-13T00:55:32.683Z,15217725,0.03572000,0.05389346,buy,1618275332,2021-04-13 00:55:32
744,2021-04-13T00:55:41.411Z,15217726,0.03573000,0.00455359,sell,1618275341,2021-04-13 00:55:41
745,2021-04-13T00:55:43.433Z,15217727,0.03573000,0.00459996,sell,1618275343,2021-04-13 00:55:43
746,2021-04-13T00:55:44.214Z,15217728,0.03572000,0.01172486,buy,1618275344,2021-04-13 00:55:44
747,2021-04-13T00:55:44.334Z,15217729,0.03574000,0.00801133,sell,1618275344,2021-04-13 00:55:44
748,2021-04-13T00:55:47.121Z,15217730,0.03573000,0.06935958,sell,1618275347,2021-04-13 00:55:47
749,2021-04-13T00:55:48.834Z,15217731,0.03572000,0.09270762,buy,1618275348,2021-04-13 00:55:48
750,2021-04-13T00:55:53.055Z,15217732,0.03572000,0.02048232,buy,1618275353,2021-04-13 00:55:53
751,2021-04-13T00:55:54.52Z,15217733,0.03573000,0.69253431,sell,1618275354,2021-04-13 00:55:54
752,2021-04-13T00:55:58.681Z,15217734,0.03572000,0.25494595,buy,1618275358,2021-04-13 00:55:58
753,2021-04-13T00:55:59.36Z,15217735,0.03572000,0.06251366,buy,1618275359,2021-04-13 00:55:59
754,2021-04-13T00:56:04.688Z,15217736,0.03573000,0.15470431,sell,1618275364,2021-04-13 00:56:04
755,2021-04-13T00:56:04.688Z,15217737,0.03573000,0.18009492,sell,1618275364,2021-04-13 00:56:04
756,2021-04-13T00:56:06.667Z,15217738,0.03573000,0.04542612,sell,1618275366,2021-04-13 00:56:06
757,2021-04-13T00:56:08.301Z,15217739,0.03572000,0.01852549,buy,1618275368,2021-04-13 00:56:08
758,2021-04-13T00:56:13.06Z,15217740,0.03573000,0.02861878,sell,1618275373,2021-04-13 00:56:13
759,2021-04-13T00:56:43.561Z,15217741,0.03571000,0.05003115,buy,1618275403,2021-04-13 00:56:43
760,2021-04-13T00:56:50.734Z,15217742,0.03573000,0.62910225,sell,1618275410,2021-04-13 00:56:50
761,2021-04-13T00:56:57.389Z,15217743,0.03571000,0.20383063,buy,1618275417,2021-04-13 00:56:57
762,2021-04-13T00:57:09.733Z,15217744,0.03573000,0.30021522,sell,1618275429,2021-04-13 00:57:09
763,2021-04-13T00:57:09.733Z,15217745,0.03573000,0.27198889,sell,1618275429,2021-04-13 00:57:09
764,2021-04-13T00:57:18.526Z,15217746,0.03573000,5.09809192,sell,1618275438,2021-04-13 00:57:18
765,2021-04-13T00:57:21.433Z,15217747,0.03573000,0.01588713,sell,1618275441,2021-04-13 00:57:21
766,2021-04-13T00:57:25.53Z,15217748,0.03571000,0.00498107,buy,1618275445,2021-04-13 00:57:25
767,2021-04-13T00:57:29.607Z,15217749,0.03571000,0.09791112,buy,1618275449,2021-04-13 00:57:29
768,2021-04-13T00:57:31.222Z,15217750,0.03573000,2.81855007,sell,1618275451,2021-04-13 00:57:31
769,2021-04-13T00:57:35.137Z,15217751,0.03573000,0.00816006,sell,1618275455,2021-04-13 00:57:35
770,2021-04-13T00:57:36.586Z,15217752,0.03572000,0.92654148,buy,1618275456,2021-04-13 00:57:36
771,2021-04-13T00:57:39.091Z,15217753,0.03573000,0.08643256,sell,1618275459,2021-04-13 00:57:39
772,2021-04-13T00:57:44.681Z,15217754,0.03573000,0.27241347,sell,1618275464,2021-04-13 00:57:44
773,2021-04-13T00:57:59.277Z,15217755,0.03574000,0.01816456,sell,1618275479,2021-04-13 00:57:59
774,2021-04-13T00:58:00.34Z,15217756,0.03574000,0.04539869,sell,1618275480,2021-04-13 00:58:00
775,2021-04-13T00:58:03.471Z,15217757,0.03573000,1.0,buy,1618275483,2021-04-13 00:58:03
776,2021-04-13T00:58:11.926Z,15217758,0.03573000,0.00115706,buy,1618275491,2021-04-13 00:58:11
777,2021-04-13T00:58:13.278Z,15217759,0.03572000,0.09265415,buy,1618275493,2021-04-13 00:58:13
778,2021-04-13T00:58:14.923Z,15217760,0.03572000,0.46909025,buy,1618275494,2021-04-13 00:58:14
779,2021-04-13T00:58:19.689Z,15217761,0.03573000,0.81087459,sell,1618275499,2021-04-13 00:58:19
780,2021-04-13T00:58:20.814Z,15217762,0.03572000,0.00416944,buy,1618275500,2021-04-13 00:58:20
781,2021-04-13T00:58:21.652Z,15217763,0.03573000,1.2541086,sell,1618275501,2021-04-13 00:58:21
782,2021-04-13T00:58:24.522Z,15217764,0.03573000,0.0120953,sell,1618275504,2021-04-13 00:58:24
783,2021-04-13T00:58:26.73Z,15217765,0.03572000,0.1157981,buy,1618275506,2021-04-13 00:58:26
784,2021-04-13T00:58:30.503Z,15217766,0.03572000,0.23542174,buy,1618275510,2021-04-13 00:58:30
785,2021-04-13T00:58:37.509Z,15217767,0.03572000,0.00743202,buy,1618275517,2021-04-13 00:58:37
786,2021-04-13T00:58:38.394Z,15217768,0.03572000,0.08022432,buy,1618275518,2021-04-13 00:58:38
787,2021-04-13T00:58:38.427Z,15217769,0.03572000,0.08014835,buy,1618275518,2021-04-13 00:58:38
788,2021-04-13T00:58:38.49Z,15217770,0.03572000,0.16037267,buy,1618275518,2021-04-13 00:58:38
789,2021-04-13T00:58:38.514Z,15217771,0.03572000,0.16047822,buy,1618275518,2021-04-13 00:58:38
790,2021-04-13T00:58:43.331Z,15217772,0.03572000,2.67592268,buy,1618275523,2021-04-13 00:58:43
791,2021-04-13T00:58:43.331Z,15217773,0.03572000,0.9768422,buy,1618275523,2021-04-13 00:58:43
792,2021-04-13T00:58:43.331Z,15217774,0.03571000,0.30448283,buy,1618275523,2021-04-13 00:58:43
793,2021-04-13T00:58:45.088Z,15217775,0.03573000,0.21835937,sell,1618275525,2021-04-13 00:58:45
794,2021-04-13T00:58:50.291Z,15217776,0.03571000,0.23437536,buy,1618275530,2021-04-13 00:58:50
795,2021-04-13T00:58:56.5Z,15217777,0.03573000,0.36320881,sell,1618275536,2021-04-13 00:58:56
796,2021-04-13T00:59:02.507Z,15217778,0.03571000,0.02501465,buy,1618275542,2021-04-13 00:59:02
797,2021-04-13T00:59:03.266Z,15217779,0.03573000,0.00908227,sell,1618275543,2021-04-13 00:59:03
798,2021-04-13T00:59:09.027Z,15217780,0.03571000,0.1157981,buy,1618275549,2021-04-13 00:59:09
799,2021-04-13T00:59:12.223Z,15217781,0.03574000,1.72069387,sell,1618275552,2021-04-13 00:59:12
800,2021-04-13T00:59:23.516Z,15217782,0.03574000,0.00452616,sell,1618275563,2021-04-13 00:59:23
801,2021-04-13T00:59:24.56Z,15217783,0.03574000,0.09079534,sell,1618275564,2021-04-13 00:59:24
802,2021-04-13T00:59:29.016Z,15217784,0.03573000,0.003257,buy,1618275569,2021-04-13 00:59:29
803,2021-04-13T00:59:32.29Z,15217785,0.03573000,0.00926632,buy,1618275572,2021-04-13 00:59:32
804,2021-04-13T00:59:33.19Z,15217786,0.03574000,0.00128516,sell,1618275573,2021-04-13 00:59:33
805,2021-04-13T00:59:52.084Z,15217787,0.03571000,0.13899474,buy,1618275592,2021-04-13 00:59:52
806,2021-04-13T00:59:58.393Z,15217788,0.03572000,0.00420508,sell,1618275598,2021-04-13 00:59:58
807,2021-04-13T01:00:00.071Z,15217789,0.03572000,0.04998024,sell,1618275600,2021-04-13 01:00:00
808,2021-04-13T01:00:00.694Z,15217790,0.03573000,0.84842583,sell,1618275600,2021-04-13 01:00:00
809,2021-04-13T01:00:07.789Z,15217791,0.03573000,0.00229998,sell,1618275607,2021-04-13 01:00:07
810,2021-04-13T01:00:25.396Z,15217792,0.03574000,0.01603994,sell,1618275625,2021-04-13 01:00:25
811,2021-04-13T01:00:33.261Z,15217793,0.03572000,0.00231665,buy,1618275633,2021-04-13 01:00:33
812,2021-04-13T01:00:41.776Z,15217794,0.03574000,0.09709887,sell,1618275641,2021-04-13 01:00:41
813,2021-04-13T01:00:43.61Z,15217795,0.03573000,0.27660851,buy,1618275643,2021-04-13 01:00:43
814,2021-04-13T01:00:49.05Z,15217796,0.03574000,0.00123577,sell,1618275649,2021-04-13 01:00:49
815,2021-04-13T01:00:51.017Z,15217797,0.03573000,0.00518106,buy,1618275651,2021-04-13 01:00:51
816,2021-04-13T01:00:51.017Z,15217798,0.03573000,0.23575098,buy,1618275651,2021-04-13 01:00:51
817,2021-04-13T01:01:03.9Z,15217799,0.03575000,0.07169741,sell,1618275663,2021-04-13 01:01:03
818,2021-04-13T01:01:18.034Z,15217800,0.03574000,0.03568747,buy,1618275678,2021-04-13 01:01:18
819,2021-04-13T01:01:20.083Z,15217801,0.03573000,0.0022169,buy,1618275680,2021-04-13 01:01:20
820,2021-04-13T01:01:43.343Z,15217802,0.03574000,0.00151727,sell,1618275703,2021-04-13 01:01:43
821,2021-04-13T01:01:43.939Z,15217803,0.03573000,0.0100079,buy,1618275703,2021-04-13 01:01:43
822,2021-04-13T01:01:50.431Z,15217804,0.03574000,1.8349024,sell,1618275710,2021-04-13 01:01:50
823,2021-04-13T01:01:54.646Z,15217805,0.03574000,0.00469075,sell,1618275714,2021-04-13 01:01:54
824,2021-04-13T01:02:00.539Z,15217806,0.03574000,4.35,buy,1618275720,2021-04-13 01:02:00
825,2021-04-13T01:02:00.539Z,15217807,0.03574000,4.91257362,buy,1618275720,2021-04-13 01:02:00
826,2021-04-13T01:02:00.776Z,15217808,0.03574000,9.26314075,buy,1618275720,2021-04-13 01:02:00
827,2021-04-13T01:02:00.988Z,15217809,0.03574000,5.82428563,buy,1618275720,2021-04-13 01:02:00
828,2021-04-13T01:02:00.988Z,15217810,0.03574000,3.43893475,buy,1618275720,2021-04-13 01:02:00
829,2021-04-13T01:02:05.444Z,15217811,0.03574000,0.5,buy,1618275725,2021-04-13 01:02:05
830,2021-04-13T01:02:07.797Z,15217812,0.03573000,0.00185389,buy,1618275727,2021-04-13 01:02:07
831,2021-04-13T01:02:09.13Z,15217813,0.03574000,1.31,buy,1618275729,2021-04-13 01:02:09
832,2021-04-13T01:02:11.366Z,15217814,0.03575000,0.03721692,sell,1618275731,2021-04-13 01:02:11
833,2021-04-13T01:02:11.366Z,15217815,0.03575000,0.00865896,sell,1618275731,2021-04-13 01:02:11
834,2021-04-13T01:02:21.915Z,15217816,0.03575000,4.54060058,sell,1618275741,2021-04-13 01:02:21
835,2021-04-13T01:02:26.257Z,15217817,0.03575000,0.002,sell,1618275746,2021-04-13 01:02:26
836,2021-04-13T01:02:31.333Z,15217818,0.03575000,0.00361991,sell,1618275751,2021-04-13 01:02:31
837,2021-04-13T01:02:38.28Z,15217819,0.03573000,0.00147279,buy,1618275758,2021-04-13 01:02:38
838,2021-04-13T01:02:42.308Z,15217820,0.03573000,0.001853,buy,1618275762,2021-04-13 01:02:42
839,2021-04-13T01:02:43.423Z,15217821,0.03575000,7.02841832,sell,1618275763,2021-04-13 01:02:43
840,2021-04-13T01:02:43.423Z,15217822,0.03575000,4.8,sell,1618275763,2021-04-13 01:02:43
841,2021-04-13T01:02:43.423Z,15217823,0.03575000,0.83206167,sell,1618275763,2021-04-13 01:02:43
842,2021-04-13T01:02:43.423Z,15217824,0.03575000,8.0,sell,1618275763,2021-04-13 01:02:43
843,2021-04-13T01:02:43.423Z,15217825,0.03575000,0.26,sell,1618275763,2021-04-13 01:02:43
844,2021-04-13T01:02:43.423Z,15217826,0.03575000,0.03721164,sell,1618275763,2021-04-13 01:02:43
845,2021-04-13T01:02:43.423Z,15217827,0.03575000,2.223,sell,1618275763,2021-04-13 01:02:43
846,2021-04-13T01:02:43.423Z,15217828,0.03575000,4.65217186,sell,1618275763,2021-04-13 01:02:43
847,2021-04-13T01:02:59.665Z,15217829,0.03575000,0.0317839,sell,1618275779,2021-04-13 01:02:59
848,2021-04-13T01:03:00.233Z,15217830,0.03575000,0.00483368,sell,1618275780,2021-04-13 01:03:00
849,2021-04-13T01:03:01.64Z,15217831,0.03575000,0.01636779,sell,1618275781,2021-04-13 01:03:01
850,2021-04-13T01:03:01.83Z,15217832,0.03574000,0.03474378,buy,1618275781,2021-04-13 01:03:01
851,2021-04-13T01:03:09.224Z,15217833,0.03575000,0.0408611,sell,1618275789,2021-04-13 01:03:09
852,2021-04-13T01:03:24.082Z,15217834,0.03574000,0.97465777,buy,1618275804,2021-04-13 01:03:24
853,2021-04-13T01:03:24.082Z,15217835,0.03574000,2.21540334,buy,1618275804,2021-04-13 01:03:24
854,2021-04-13T01:03:24.377Z,15217836,0.03574000,0.00277848,buy,1618275804,2021-04-13 01:03:24
855,2021-04-13T01:03:26.359Z,15217837,0.03575000,0.22692993,sell,1618275806,2021-04-13 01:03:26
856,2021-04-13T01:03:31.284Z,15217838,0.03575000,0.04366214,sell,1618275811,2021-04-13 01:03:31
857,2021-04-13T01:03:42.483Z,15217839,0.03574000,0.12907837,buy,1618275822,2021-04-13 01:03:42
858,2021-04-13T01:04:06.533Z,15217840,0.03575000,1.0742968,buy,1618275846,2021-04-13 01:04:06
859,2021-04-13T01:04:06.533Z,15217841,0.03575000,4.8,buy,1618275846,2021-04-13 01:04:06
860,2021-04-13T01:04:06.533Z,15217842,0.03575000,1.6,buy,1618275846,2021-04-13 01:04:06
861,2021-04-13T01:04:06.533Z,15217843,0.03575000,8.0,buy,1618275846,2021-04-13 01:04:06
862,2021-04-13T01:04:06.533Z,15217844,0.03575000,1.30709739,buy,1618275846,2021-04-13 01:04:06
863,2021-04-13T01:04:06.533Z,15217845,0.03574000,0.25368008,buy,1618275846,2021-04-13 01:04:06
864,2021-04-13T01:04:06.533Z,15217846,0.03574000,4.8,buy,1618275846,2021-04-13 01:04:06
865,2021-04-13T01:04:06.533Z,15217847,0.03574000,2.95937616,buy,1618275846,2021-04-13 01:04:06
866,2021-04-13T01:04:06.533Z,15217848,0.03574000,2.49946203,buy,1618275846,2021-04-13 01:04:06
867,2021-04-13T01:04:17.432Z,15217849,0.03575000,0.02352043,buy,1618275857,2021-04-13 01:04:17
868,2021-04-13T01:04:28.025Z,15217850,0.03576000,0.45389744,sell,1618275868,2021-04-13 01:04:28
869,2021-04-13T01:04:38.1Z,15217851,0.03576000,0.00216612,sell,1618275878,2021-04-13 01:04:38
870,2021-04-13T01:04:38.129Z,15217852,0.03576000,0.02275546,sell,1618275878,2021-04-13 01:04:38
871,2021-04-13T01:04:38.82Z,15217853,0.03576000,0.04600988,sell,1618275878,2021-04-13 01:04:38
872,2021-04-13T01:04:38.82Z,15217854,0.03576000,0.03720019,sell,1618275878,2021-04-13 01:04:38
873,2021-04-13T01:04:38.82Z,15217855,0.03577000,0.10068543,sell,1618275878,2021-04-13 01:04:38
874,2021-04-13T01:04:48.454Z,15217856,0.03576000,0.04303886,sell,1618275888,2021-04-13 01:04:48
875,2021-04-13T01:04:58.822Z,15217857,0.03577000,0.04540071,sell,1618275898,2021-04-13 01:04:58
876,2021-04-13T01:04:59.67Z,15217858,0.03577000,0.06394838,sell,1618275899,2021-04-13 01:04:59
877,2021-04-13T01:05:11.637Z,15217859,0.03576000,0.03719796,sell,1618275911,2021-04-13 01:05:11
878,2021-04-13T01:05:11.637Z,15217860,0.03576000,0.01317835,sell,1618275911,2021-04-13 01:05:11
879,2021-04-13T01:05:17.879Z,15217861,0.03576000,0.13934207,sell,1618275917,2021-04-13 01:05:17
880,2021-04-13T01:05:23.367Z,15217862,0.03575000,0.11044561,buy,1618275923,2021-04-13 01:05:23
881,2021-04-13T01:05:28.526Z,15217863,0.03576000,0.00149151,sell,1618275928,2021-04-13 01:05:28
882,2021-04-13T01:05:30.06Z,15217864,0.03575000,0.00420433,buy,1618275930,2021-04-13 01:05:30
883,2021-04-13T01:05:32.444Z,15217865,0.03577000,0.11350177,sell,1618275932,2021-04-13 01:05:32
884,2021-04-13T01:05:38.794Z,15217866,0.03577000,0.00455104,sell,1618275938,2021-04-13 01:05:38
885,2021-04-13T01:05:39.657Z,15217867,0.03577000,0.00245974,sell,1618275939,2021-04-13 01:05:39
886,2021-04-13T01:05:40.3Z,15217868,0.03577000,0.02267482,sell,1618275940,2021-04-13 01:05:40
887,2021-04-13T01:05:49.767Z,15217869,0.03577000,0.16345353,sell,1618275949,2021-04-13 01:05:49
888,2021-04-13T01:05:53.861Z,15217870,0.03576000,0.00463045,buy,1618275953,2021-04-13 01:05:53
889,2021-04-13T01:05:59.429Z,15217871,0.03577000,0.0438008,sell,1618275959,2021-04-13 01:05:59
890,2021-04-13T01:06:05.09Z,15217872,0.03577000,0.00454976,sell,1618275965,2021-04-13 01:06:05
891,2021-04-13T01:06:17.339Z,15217873,0.03577000,0.03719573,sell,1618275977,2021-04-13 01:06:17
892,2021-04-13T01:06:17.339Z,15217874,0.03577000,0.01459595,sell,1618275977,2021-04-13 01:06:17
893,2021-04-13T01:06:22.538Z,15217875,0.03577000,0.011347,sell,1618275982,2021-04-13 01:06:22
894,2021-04-13T01:06:26.802Z,15217876,0.03576000,0.02268923,buy,1618275986,2021-04-13 01:06:26
895,2021-04-13T01:06:26.959Z,15217877,0.03578000,0.00454976,sell,1618275986,2021-04-13 01:06:26
896,2021-04-13T01:06:35.46Z,15217878,0.03577000,0.04247326,sell,1618275995,2021-04-13 01:06:35
897,2021-04-13T01:06:43.495Z,15217879,0.03576000,0.15303775,sell,1618276003,2021-04-13 01:06:43
898,2021-04-13T01:07:04.458Z,15217880,0.03575000,0.04330311,buy,1618276024,2021-04-13 01:07:04
899,2021-04-13T01:07:04.458Z,15217881,0.03575000,0.01457758,buy,1618276024,2021-04-13 01:07:04
900,2021-04-13T01:07:04.642Z,15217882,0.03576000,0.01640567,sell,1618276024,2021-04-13 01:07:04
901,2021-04-13T01:07:14.125Z,15217883,0.03576000,0.00128575,sell,1618276034,2021-04-13 01:07:14
902,2021-04-13T01:07:22.338Z,15217884,0.03576000,1.00973209,sell,1618276042,2021-04-13 01:07:22
903,2021-04-13T01:07:28.856Z,15217885,0.03576000,0.06440073,sell,1618276048,2021-04-13 01:07:28
904,2021-04-13T01:07:33.179Z,15217886,0.03576000,0.01726844,sell,1618276053,2021-04-13 01:07:33
905,2021-04-13T01:07:35.543Z,15217887,0.03576000,3.40442274,sell,1618276055,2021-04-13 01:07:35
906,2021-04-13T01:07:51.798Z,15217888,0.03575000,0.01157549,buy,1618276071,2021-04-13 01:07:51
907,2021-04-13T01:08:08.311Z,15217889,0.03576000,0.00227552,sell,1618276088,2021-04-13 01:08:08
908,2021-04-13T01:08:14.379Z,15217890,0.03575000,0.04632546,buy,1618276094,2021-04-13 01:08:14
909,2021-04-13T01:08:16.477Z,15217891,0.03575000,0.88018382,buy,1618276096,2021-04-13 01:08:16
910,2021-04-13T01:08:25.065Z,15217892,0.03575000,0.57,buy,1618276105,2021-04-13 01:08:25
911,2021-04-13T01:08:25.29Z,15217893,0.03574000,0.01859706,buy,1618276105,2021-04-13 01:08:25
912,2021-04-13T01:08:25.29Z,15217894,0.03574000,1.03078488,buy,1618276105,2021-04-13 01:08:25
913,2021-04-13T01:08:26.762Z,15217895,0.03575000,0.09055167,sell,1618276106,2021-04-13 01:08:26
914,2021-04-13T01:08:28.259Z,15217896,0.03575000,0.00285179,sell,1618276108,2021-04-13 01:08:28
915,2021-04-13T01:08:29.975Z,15217897,0.03576000,0.0036189,sell,1618276109,2021-04-13 01:08:29
916,2021-04-13T01:08:46.854Z,15217898,0.03575000,0.00184168,buy,1618276126,2021-04-13 01:08:46
917,2021-04-13T01:08:52.641Z,15217899,0.03576000,0.00581434,sell,1618276132,2021-04-13 01:08:52
918,2021-04-13T01:09:02.29Z,15217900,0.03575000,0.2970555,buy,1618276142,2021-04-13 01:09:02
919,2021-04-13T01:09:30.002Z,15217901,0.03573000,0.01158483,buy,1618276170,2021-04-13 01:09:30
920,2021-04-13T01:09:39.893Z,15217902,0.03574000,0.00907974,sell,1618276179,2021-04-13 01:09:39
921,2021-04-13T01:09:59.043Z,15217903,0.03572000,0.01860933,buy,1618276199,2021-04-13 01:09:59
922,2021-04-13T01:09:59.043Z,15217904,0.03572000,0.44478377,buy,1618276199,2021-04-13 01:09:59
923,2021-04-13T01:10:02.706Z,15217905,0.03572000,0.07600237,buy,1618276202,2021-04-13 01:10:02
924,2021-04-13T01:10:05.955Z,15217906,0.03573000,0.00441643,sell,1618276205,2021-04-13 01:10:05
925,2021-04-13T01:10:14.57Z,15217907,0.03573000,0.02727427,sell,1618276214,2021-04-13 01:10:14
926,2021-04-13T01:10:17.932Z,15217908,0.03572000,0.01860877,buy,1618276217,2021-04-13 01:10:17
927,2021-04-13T01:10:17.932Z,15217909,0.03572000,0.00456089,buy,1618276217,2021-04-13 01:10:17
928,2021-04-13T01:10:21.199Z,15217910,0.03573000,0.016662,sell,1618276221,2021-04-13 01:10:21
929,2021-04-13T01:10:31.251Z,15217911,0.03572000,0.13916045,buy,1618276231,2021-04-13 01:10:31
930,2021-04-13T01:10:35.976Z,15217912,0.03572000,0.01860821,buy,1618276235,2021-04-13 01:10:35
931,2021-04-13T01:10:35.976Z,15217913,0.03572000,0.03852661,buy,1618276235,2021-04-13 01:10:35
932,2021-04-13T01:10:47.912Z,15217914,0.03573000,0.00332423,sell,1618276247,2021-04-13 01:10:47
933,2021-04-13T01:10:48.634Z,15217915,0.03573000,0.05119195,sell,1618276248,2021-04-13 01:10:48
934,2021-04-13T01:11:00.342Z,15217916,0.03572000,0.01860766,buy,1618276260,2021-04-13 01:11:00
935,2021-04-13T01:11:00.342Z,15217917,0.03572000,0.477869,buy,1618276260,2021-04-13 01:11:00
936,2021-04-13T01:11:00.342Z,15217918,0.03571000,0.18302156,buy,1618276260,2021-04-13 01:11:00
937,2021-04-13T01:11:00.612Z,15217919,0.03573000,0.05740192,sell,1618276260,2021-04-13 01:11:00
938,2021-04-13T01:11:17.506Z,15217920,0.03572000,0.00413662,buy,1618276277,2021-04-13 01:11:17
939,2021-04-13T01:11:22.437Z,15217921,0.03572000,0.00463565,buy,1618276282,2021-04-13 01:11:22
940,2021-04-13T01:11:30.561Z,15217922,0.03572000,0.00983483,buy,1618276290,2021-04-13 01:11:30
941,2021-04-13T01:11:30.561Z,15217923,0.03571000,0.07137216,buy,1618276290,2021-04-13 01:11:30
942,2021-04-13T01:11:32.12Z,15217924,0.03573000,0.00919203,sell,1618276292,2021-04-13 01:11:32
943,2021-04-13T01:11:33.308Z,15217925,0.03573000,0.00271645,sell,1618276293,2021-04-13 01:11:33
944,2021-04-13T01:11:49.902Z,15217926,0.03573000,0.09087766,sell,1618276309,2021-04-13 01:11:49
945,2021-04-13T01:11:50.812Z,15217927,0.03572000,0.01860928,buy,1618276310,2021-04-13 01:11:50
946,2021-04-13T01:11:50.812Z,15217928,0.03572000,0.00116491,buy,1618276310,2021-04-13 01:11:50
947,2021-04-13T01:11:50.812Z,15217929,0.03571000,0.03863499,buy,1618276310,2021-04-13 01:11:50
948,2021-04-13T01:11:58.936Z,15217930,0.03572000,0.00769355,sell,1618276318,2021-04-13 01:11:58
949,2021-04-13T01:11:59.706Z,15217931,0.03572000,1.07366701,sell,1618276319,2021-04-13 01:11:59
950,2021-04-13T01:11:59.706Z,15217932,0.03573000,0.02863376,sell,1618276319,2021-04-13 01:11:59
951,2021-04-13T01:11:59.706Z,15217933,0.03573000,1.16966819,sell,1618276319,2021-04-13 01:11:59
952,2021-04-13T01:12:25.256Z,15217934,0.03572000,0.00568226,sell,1618276345,2021-04-13 01:12:25
953,2021-04-13T01:12:25.446Z,15217935,0.03571000,0.00489753,buy,1618276345,2021-04-13 01:12:25
954,2021-04-13T01:12:31.71Z,15217936,0.03571000,0.00484811,buy,1618276351,2021-04-13 01:12:31
955,2021-04-13T01:12:32.072Z,15217937,0.03572000,0.90903103,sell,1618276352,2021-04-13 01:12:32
956,2021-04-13T01:12:38.165Z,15217938,0.03572000,0.31365962,sell,1618276358,2021-04-13 01:12:38
957,2021-04-13T01:12:39.458Z,15217939,0.03571000,0.01182821,buy,1618276359,2021-04-13 01:12:39
958,2021-04-13T01:12:50.073Z,15217940,0.03572000,0.03593449,sell,1618276370,2021-04-13 01:12:50
959,2021-04-13T01:12:55.211Z,15217941,0.03572000,0.18590263,buy,1618276375,2021-04-13 01:12:55
960,2021-04-13T01:13:04.033Z,15217942,0.03572000,0.02272577,sell,1618276384,2021-04-13 01:13:04
961,2021-04-13T01:13:15.481Z,15217943,0.03572000,0.04542411,sell,1618276395,2021-04-13 01:13:15
962,2021-04-13T01:13:17.807Z,15217944,0.03572000,0.00233873,sell,1618276397,2021-04-13 01:13:17
963,2021-04-13T01:13:21.827Z,15217945,0.03572000,0.06609797,sell,1618276401,2021-04-13 01:13:21
964,2021-04-13T01:13:26.315Z,15217946,0.03573000,0.04627465,sell,1618276406,2021-04-13 01:13:26
965,2021-04-13T01:13:26.336Z,15217947,0.03573000,0.45094746,sell,1618276406,2021-04-13 01:13:26
966,2021-04-13T01:13:28.465Z,15217948,0.03572000,0.04635338,buy,1618276408,2021-04-13 01:13:28
967,2021-04-13T01:13:28.926Z,15217949,0.03573000,0.29537983,sell,1618276408,2021-04-13 01:13:28
968,2021-04-13T01:13:39.07Z,15217950,0.03573000,0.00108376,sell,1618276419,2021-04-13 01:13:39
969,2021-04-13T01:13:42.817Z,15217951,0.03573000,0.00306876,sell,1618276422,2021-04-13 01:13:42
970,2021-04-13T01:13:49.401Z,15217952,0.03571000,0.05286381,buy,1618276429,2021-04-13 01:13:49
971,2021-04-13T01:13:49.401Z,15217953,0.03571000,0.0010092,buy,1618276429,2021-04-13 01:13:49
972,2021-04-13T01:13:49.401Z,15217954,0.03571000,0.00415915,buy,1618276429,2021-04-13 01:13:49
973,2021-04-13T01:13:49.401Z,15217955,0.03571000,0.00186488,buy,1618276429,2021-04-13 01:13:49
974,2021-04-13T01:13:49.401Z,15217956,0.03571000,0.28775331,buy,1618276429,2021-04-13 01:13:49
975,2021-04-13T01:13:51.206Z,15217957,0.03572000,0.0593337,sell,1618276431,2021-04-13 01:13:51
976,2021-04-13T01:13:52.542Z,15217958,0.03571000,0.46420277,buy,1618276432,2021-04-13 01:13:52
977,2021-04-13T01:13:52.832Z,15217959,0.03572000,0.09085023,sell,1618276432,2021-04-13 01:13:52
978,2021-04-13T01:14:05.86Z,15217960,0.03573000,0.00125778,sell,1618276445,2021-04-13 01:14:05
979,2021-04-13T01:14:06.263Z,15217961,0.03573000,0.00875219,sell,1618276446,2021-04-13 01:14:06
980,2021-04-13T01:14:09.024Z,15217962,0.03573000,0.04541139,sell,1618276449,2021-04-13 01:14:09
981,2021-04-13T01:14:15.093Z,15217963,0.03572000,0.02271941,sell,1618276455,2021-04-13 01:14:15
982,2021-04-13T01:14:26.108Z,15217964,0.03573000,0.22256437,sell,1618276466,2021-04-13 01:14:26
983,2021-04-13T01:14:26.189Z,15217965,0.03573000,0.00916405,sell,1618276466,2021-04-13 01:14:26
984,2021-04-13T01:14:37.74Z,15217966,0.03572000,0.00680485,sell,1618276477,2021-04-13 01:14:37
985,2021-04-13T01:14:41.92Z,15217967,0.03570000,0.09185361,buy,1618276481,2021-04-13 01:14:41
986,2021-04-13T01:14:48.964Z,15217968,0.03571000,0.11471503,sell,1618276488,2021-04-13 01:14:48
987,2021-04-13T01:15:00.584Z,15217969,0.03571000,0.00727538,sell,1618276500,2021-04-13 01:15:00
988,2021-04-13T01:15:03.421Z,15217970,0.03571000,0.01545675,sell,1618276503,2021-04-13 01:15:03
989,2021-04-13T01:15:09.5Z,15217971,0.03571000,0.00234158,sell,1618276509,2021-04-13 01:15:09
990,2021-04-13T01:15:16.482Z,15217972,0.03571000,0.80097629,sell,1618276516,2021-04-13 01:15:16
991,2021-04-13T01:15:16.482Z,15217973,0.03571000,1.92627647,sell,1618276516,2021-04-13 01:15:16
992,2021-04-13T01:15:30.336Z,15217974,0.03571000,0.00680866,sell,1618276530,2021-04-13 01:15:30
993,2021-04-13T01:15:41.133Z,15217975,0.03570000,0.08579133,buy,1618276541,2021-04-13 01:15:41
994,2021-04-13T01:15:43.393Z,15217976,0.03571000,0.27278568,sell,1618276543,2021-04-13 01:15:43
995,2021-04-13T01:15:44.825Z,15217977,0.03571000,0.29844373,sell,1618276544,2021-04-13 01:15:44
996,2021-04-13T01:16:01.978Z,15217978,0.03571000,0.21,buy,1618276561,2021-04-13 01:16:01
997,2021-04-13T01:16:05.711Z,15217979,0.03571000,0.0043294,sell,1618276565,2021-04-13 01:16:05
998,2021-04-13T01:16:10.188Z,15217980,0.03570000,0.01690291,buy,1618276570,2021-04-13 01:16:10
999,2021-04-13T01:16:10.649Z,15217981,0.03570000,0.00551847,buy,1618276570,2021-04-13 01:16:10
1000,2021-04-13T01:16:16.797Z,15217982,0.03571000,0.04372184,sell,1618276576,2021-04-13 01:16:16
1001,2021-04-13T01:16:18.19Z,15217983,0.03571000,0.058003,sell,1618276578,2021-04-13 01:16:18
1002,2021-04-13T01:16:25.208Z,15217984,0.03571000,1.00310529,sell,1618276585,2021-04-13 01:16:25
1003,2021-04-13T01:16:30.278Z,15217985,0.03571000,0.00460253,sell,1618276590,2021-04-13 01:16:30
1004,2021-04-13T01:16:37.673Z,15217986,0.03571000,0.0114786,sell,1618276597,2021-04-13 01:16:37
1005,2021-04-13T01:16:45.465Z,15217987,0.03571000,0.00914145,sell,1618276605,2021-04-13 01:16:45
1006,2021-04-13T01:17:07.124Z,15217988,0.03572000,0.25024572,sell,1618276627,2021-04-13 01:17:07
1007,2021-04-13T01:17:09.851Z,15217989,0.03573000,0.63065325,sell,1618276629,2021-04-13 01:17:09
1008,2021-04-13T01:17:14.357Z,15217990,0.03572000,0.00232157,buy,1618276634,2021-04-13 01:17:14
1009,2021-04-13T01:17:17.385Z,15217991,0.03572000,0.04872492,buy,1618276637,2021-04-13 01:17:17
1010,2021-04-13T01:17:22.884Z,15217992,0.03572000,0.00425193,sell,1618276642,2021-04-13 01:17:22
1011,2021-04-13T01:17:23.379Z,15217993,0.03571000,0.13937217,buy,1618276643,2021-04-13 01:17:23
1012,2021-04-13T01:17:25.693Z,15217994,0.03571000,0.0464314,buy,1618276645,2021-04-13 01:17:25
1013,2021-04-13T01:17:40.493Z,15217995,0.03571000,0.218083,buy,1618276660,2021-04-13 01:17:40
1014,2021-04-13T01:17:44.168Z,15217996,0.03572000,0.09101485,sell,1618276664,2021-04-13 01:17:44
1015,2021-04-13T01:17:45.893Z,15217997,0.03571000,0.218083,buy,1618276665,2021-04-13 01:17:45
1016,2021-04-13T01:17:45.893Z,15217998,0.03570000,0.19047267,buy,1618276665,2021-04-13 01:17:45
1017,2021-04-13T01:17:51.396Z,15217999,0.03571000,0.00186213,buy,1618276671,2021-04-13 01:17:51
1018,2021-04-13T01:17:52.99Z,15218000,0.03571000,0.17698576,sell,1618276672,2021-04-13 01:17:52
1019,2021-04-13T01:17:54.322Z,15218001,0.03571000,0.04953406,sell,1618276674,2021-04-13 01:17:54
1020,2021-04-13T01:17:55.96Z,15218002,0.03571000,0.028,buy,1618276675,2021-04-13 01:17:55
1021,2021-04-13T01:17:56.5Z,15218003,0.03571000,0.00178775,buy,1618276676,2021-04-13 01:17:56
1022,2021-04-13T01:18:01.199Z,15218004,0.03572000,0.13789873,sell,1618276681,2021-04-13 01:18:01
1023,2021-04-13T01:18:02.727Z,15218005,0.03571000,0.218083,buy,1618276682,2021-04-13 01:18:02
1024,2021-04-13T01:18:05.552Z,15218006,0.03570000,0.00929148,buy,1618276685,2021-04-13 01:18:05
1025,2021-04-13T01:18:13.621Z,15218007,0.03570000,0.16806407,buy,1618276693,2021-04-13 01:18:13
1026,2021-04-13T01:18:13.621Z,15218008,0.03570000,0.218083,buy,1618276693,2021-04-13 01:18:13
1027,2021-04-13T01:18:13.621Z,15218009,0.03569000,0.52608662,buy,1618276693,2021-04-13 01:18:13
1028,2021-04-13T01:18:13.621Z,15218010,0.03569000,0.26,buy,1618276693,2021-04-13 01:18:13
1029,2021-04-13T01:18:13.621Z,15218011,0.03569000,1.6,buy,1618276693,2021-04-13 01:18:13
1030,2021-04-13T01:18:13.621Z,15218012,0.03569000,2.7853,buy,1618276693,2021-04-13 01:18:13
1031,2021-04-13T01:18:13.621Z,15218013,0.03569000,0.66563216,buy,1618276693,2021-04-13 01:18:13
1032,2021-04-13T01:18:13.621Z,15218014,0.03569000,0.20248411,buy,1618276693,2021-04-13 01:18:13
1033,2021-04-13T01:18:16.881Z,15218015,0.03570000,0.01130155,sell,1618276696,2021-04-13 01:18:16
1034,2021-04-13T01:18:17.471Z,15218016,0.03570000,0.04550644,sell,1618276697,2021-04-13 01:18:17
1035,2021-04-13T01:18:27.373Z,15218017,0.03570000,0.01705633,sell,1618276707,2021-04-13 01:18:27
1036,2021-04-13T01:18:28.174Z,15218018,0.03569000,4.8,buy,1618276708,2021-04-13 01:18:28
1037,2021-04-13T01:18:28.174Z,15218019,0.03568000,0.65750705,buy,1618276708,2021-04-13 01:18:28
1038,2021-04-13T01:18:28.174Z,15218020,0.03568000,12.37257845,buy,1618276708,2021-04-13 01:18:28
1039,2021-04-13T01:18:29.715Z,15218021,0.03570000,0.00227934,sell,1618276709,2021-04-13 01:18:29
1040,2021-04-13T01:18:31.977Z,15218022,0.03570000,0.5894885,sell,1618276711,2021-04-13 01:18:31
1041,2021-04-13T01:18:31.977Z,15218023,0.03570000,2.94713889,sell,1618276711,2021-04-13 01:18:31
1042,2021-04-13T01:18:32.196Z,15218024,0.03569000,0.48139488,buy,1618276712,2021-04-13 01:18:32
1043,2021-04-13T01:18:34.65Z,15218025,0.03569000,0.85702943,buy,1618276714,2021-04-13 01:18:34
1044,2021-04-13T01:18:40.514Z,15218026,0.03569000,0.0560381,buy,1618276720,2021-04-13 01:18:40
1045,2021-04-13T01:18:40.514Z,15218027,0.03569000,0.26,buy,1618276720,2021-04-13 01:18:40
1046,2021-04-13T01:18:40.514Z,15218028,0.03568000,3.6839619,buy,1618276720,2021-04-13 01:18:40
1047,2021-04-13T01:18:42.688Z,15218029,0.03569000,0.18570145,buy,1618276722,2021-04-13 01:18:42
1048,2021-04-13T01:18:50.779Z,15218030,0.03570000,0.0287513,sell,1618276730,2021-04-13 01:18:50
1049,2021-04-13T01:19:05.774Z,15218031,0.03571000,0.01367279,sell,1618276745,2021-04-13 01:19:05
1050,2021-04-13T01:19:19.8Z,15218032,0.03571000,0.18221402,sell,1618276759,2021-04-13 01:19:19
1051,2021-04-13T01:19:23.377Z,15218033,0.03571000,0.00227871,sell,1618276763,2021-04-13 01:19:23
1052,2021-04-13T01:19:28.147Z,15218034,0.03571000,0.32764367,sell,1618276768,2021-04-13 01:19:28
